2915 3831
2261 104 2268 109 .
2701 75 2894 126 4e.¹<‘v⁴'³''‚

1431 138 1482 180 16
2387 145 2391 149 “
2592 178 2601 189 ,
2654 139 2682 147 ὀ
2733 136 2743 170 .·
2781 126 2915 195 ''ff-‘5³2'

2604 211 2608 213 ’
2758 208 2769 213 ”
2881 214 2915 225 .»!

402 266 738 356 <lgm-uolam),
784 267 896 314 ὅταν
935 267 1042 326 μετὰ
1083 272 1301 328 τέσσαρας
1338 270 1482 326 πόδας
1520 269 1688 330 εὑρεθῇ
1728 268 1928 330 συλλαβὴ
1968 267 2271 327 ἀπαρτίζουσαι
2299 263 2375 323 εἰς
2392 263 2527 326 μέρος
2555 264 2708 326 λόγου

217 339 411 386 τέλειον·
445 347 602 389 οιον>
867 363 871 372 =
2716 356 2721 359 ’

753 417 868 472 Ζεὺς
898 421 981 479 μέν
1011 437 1101 465 που
1131 421 1236 480 τόγε
1268 421 1363 467 οἶδε
1394 423 1470 467 καὶ
1501 421 1726 468 ἀθάνατοι
1759 425 1821 478 (Γ
1837 425 1940 477 308)

388 522 515 568 ’Ἐστι
547 524 622 567 καὶ
654 524 781 579 ἑτέρα
811 522 1079 581 βουκολικὴ,
1110 517 1139 582 ᾖ
1171 528 1218 569 οἱ
1244 523 1299 570 τὰ
1330 524 1576 582 βουκολικὰ
1608 525 1979 583 συγγραψάμενοι
2010 525 2258 582 κέχρηνται.

395 606 674 661 Paragrapho
697 609 722 649 8
755 607 915 649 eisdem
948 607 1039 650 fere
1058 608 1200 650 verbis
1222 610 1511 661 continentur,
1543 621 1655 663 quae
1676 609 1827 652 eadem
1847 608 1961 663 apud
1981 606 2409 651 Pseudo-Draconem
2429 617 2471 660 p.
2490 606 2617 656 126‚5
2634 616 2703 661 sq.

216 677 415 720 Isaacum
460 676 719 720 Monachum
762 689 802 731 p.
840 680 976 729 186,l
1013 688 1075 731 sq.
1120 677 1383 722 Demetrium
1430 677 1682 722 Triclinium
1724 691 1764 733 p.
1800 681 1967 731 318,27
2000 688 2063 731 sq.
2109 676 2334 730 leguntur-3
2384 675 2459 719 sed
2503 673 2704 734 quamvis

216 746 270 788 de
312 747 527 788 communi
571 746 762 787 omnium
804 746 924 787 fonte
963 747 1084 788 nullo
1124 748 1250 789 modo
1292 747 1480 788 dubitari
1521 749 1679 801 possit,
1720 753 1870 790 tamen
1911 751 2032 801 patet
2062 746 2313 788 Triclinium
2349 744 2446 798 plus
2483 743 2701 787 ceteris-a

216 828 349 858 manu
383 816 543 868 scripto
574 813 778 858 Chisiano
810 815 1033 867 recedere3
1078 814 1204 860 affert
1234 817 1347 860 enim
1377 816 1434 859 ad
1465 816 1820 861 demonstrandas
1851 829 2052 861 caesuras
2082 814 2464 871 penthemimerem
2494 815 2538 857 et
2567 809 2705 868 heph-

214 884 524 936 themimerem,
552 883 628 926 ubi
654 883 785 926 ceteri
811 883 982 936 singula
1007 884 1230 938 praebent,
1256 885 1358 927 bina
1383 886 1589 939 exempla,
1622 897 1772 940 neque,
1800 890 1847 929 ut
1873 885 1948 938 illi,
1974 880 2190 939 τετάρτην
2213 876 2457 939 τροχαϊκὴν
2481 882 2527 925 in
2552 880 2701 925 ordine

216 965 495 998 caesurarum
525 956 767 996 ceteramm
795 952 1033 1005 collocavit,
1060 953 1135 996 sed
1163 954 1433 997 immutatam
1462 955 1658 999 adiunxit
1683 967 1779 999 eam
1805 955 1921 999 hisce
1945 954 2106 998 verbis:
2131 952 2275 1009 ἕτεροι
2300 951 2383 1008 (ita
2406 964 2502 996 cum
2526 951 2699 1007 optimis

215 1024 435 1066 codicibus
467 1023 741 1064 scribendum
773 1035 869 1064 esse
901 1024 1069 1065 monuit
1100 1023 1417 1066 Studemundus
1449 1026 1495 1066 in
1526 1026 1705 1074 scholis)
1737 1025 1786 1067 δὲ
1815 1024 2110 1077 προστιθέασι
2140 1022 2214 1065 καὶ
2246 1022 2403 1076 ἑτέραν
2432 1018 2702 1077 τροχαῑκήν·

218 1093 311 1135 ἔστι
344 1089 394 1134 δὲ
425 1086 562 1147 αὕτη,
595 1087 707 1134 ὅταν
738 1085 847 1146 μετὰ
878 1089 1096 1146 τέσσαρας
1125 1088 1269 1143 πόδας
1300 1086 1468 1149 εὑρεθῇ
1499 1101 1708 1149 τροχαῖος
1736 1090 1890 1150 λήγων
1921 1094 1984 1144 εἰς
2014 1090 2147 1149 μέρος
2176 1087 2337 1147 λόγου·
2370 1084 2474 1135 οἷον

758 1180 926 1239 Τρώων
957 1183 1061 1240 ῥῆξε
1092 1179 1326 1241 φάλαγγα,
1359 1181 1485 1241 φόως
1516 1180 1788 1241 δ’ἑτάροισιν
1820 1184 1876 1239 (Ζ
1908 1184 1954 1240 6)

219 1292 318 1335 Alia
349 1302 454 1335 sane
484 1294 551 1334 est
582 1290 688 1334 haec
721 1302 897 1333 caesura
927 1293 1057 1343 atque
1089 1293 1341 1342 ceterorum,
1373 1291 1447 1345 qui
1474 1291 1526 1334 de
1552 1291 1634 1334 hac
1661 1302 1707 1333 re
1737 1291 2016 1346 scripserunt,
2048 1291 2320 1335 metricorum
2347 1290 2702 1346 Byzantinorum,

219 1363 295 1406 sed
333 1361 477 1405 nescio
518 1373 574 1403 an
615 1361 670 1403 ab
702 1360 797 1414 ipso
828 1359 1055 1412 Triclinio,
1095 1359 1163 1403 cui
1195 1360 1363 1414 saepius
1394 1360 1559 1414 placuit
1590 1361 1644 1404 ab
1674 1373 1747 1413 eo,
1786 1372 1870 1415 quo
1900 1360 2128 1413 utebatur,
2165 1360 2398 1416 archetypo
2428 1359 2625 1404 recedere
2654 1362 2702 1404 et

219 1444 333 1477 nova
371 1431 637 1484 immiscere,
679 1430 937 1484 excogitata.
1001 1430 1176 1474 Etenim
1206 1430 1375 1474 etiamsi
1407 1431 1562 1474 mirum
1593 1436 1681 1483 est,
1723 1430 1836 1486 quod
1865 1430 2212 1475 Pseudo-Draco
2244 1435 2289 1475 et
2318 1442 2415 1474 cum
2444 1441 2495 1474 eo
2524 1429 2701 1474 Isaacus

220 1502 403 1545 eundem
447 1513 573 1555 quem
612 1500 844 1542 Triclinius
886 1499 1091 1542 exhibent
1132 1512 1325 1552 versum,
1369 1502 1441 1554 qui
1485 1513 1589 1543 sane
1630 1505 1729 1555 apte
1771 1501 1957 1554 quadrat
1996 1501 2052 1543 ad
2091 1500 2204 1545 hanc
2233 1499 2424 1543 Triclinii
2464 1510 2700 1552 caesuram,

219 1575 366 1615 tamen
407 1571 460 1614 de
498 1571 577 1614 tali
619 1581 797 1613 caesura
810 1602 820 1622 ,
862 1582 972 1623 quae
1007 1580 1220 1623 nusquam
1256 1581 1393 1623 neque
1424 1569 1540 1624 apud
1569 1572 1737 1613 veteres
1768 1581 1905 1624 neque
1935 1569 2050 1624 apud
2079 1569 2345 1625 Byzantinos
2375 1568 2572 1622 docetur,
2613 1580 2701 1612 non

219 1640 511 1694 cogitaverim.
559 1638 643 1682 Sed
675 1637 846 1681 credere
878 1636 1064 1681 fortasse
1094 1637 1195 1682 licet
1215 1637 1467 1681 Triclinium
1497 1639 1540 1681 in
1571 1651 1620 1682 eo
1651 1638 1772 1692 libro,
1804 1639 1917 1683 unde
1942 1639 2048 1683 haec
2072 1639 2250 1683 metrica
2270 1638 2547 1693 congesserit,
2576 1637 2699 1681 illam

219 1708 637 1754 Pseudo-Draconis
679 1712 722 1751 et
759 1710 997 1751 ceterorum
1033 1704 1250 1763 τετάρτην
1289 1705 1556 1764 τροχαϊκήν,
1600 1712 1646 1752 at
1682 1708 1828 1764 inepte
1867 1709 2132 1764 adscriptum
2171 1708 2225 1751 ad
2265 1720 2359 1752 eam
2399 1706 2700 1751 illustrandam

220 1779 334 1823 hunc
371 1791 543 1823 versum
578 1777 812 1830 invenisse,
855 1781 899 1820 et
931 1790 983 1821 ex
1012 1777 1094 1821 hoc
1123 1778 1219 1832 ipso
1248 1790 1373 1821 versu
1403 1791 1558 1823 novam
1589 1774 1832 1835 τροχαϊκήν
1863 1779 2057 1822 consulto
2088 1778 2323 1832 collegisse.
2386 1776 2534 1821 Helias
2564 1788 2606 1831 p.
2628 1779 2700 1830 77,

221 1850 295 1903 qui
325 1849 650 1903 explicationem
681 1849 733 1891 de
766 1849 957 1891 caesuris
987 1849 1232 1891 institutam
1263 1849 1393 1902 capiti
1423 1848 1527 1903 περὶ
1556 1844 1757 1905 ἡρωϊκοῦ
1788 1847 1955 1903 μέτρου
1985 1849 2178 1900 inseruit,
2210 1844 2427 1901 τετάρτην
2457 1842 2703 1901 τροχατκήν

220 1919 350 1975 plane
381 1919 546 1970 omisit,
579 1918 836 1973 omninoque
867 1917 979 1960 hanc
1009 1930 1099 1960 rem
1131 1917 1258 1961 aliter
1289 1919 1546 1973 composuit;
1588 1919 1700 1973 apud
1730 1918 2257 1973 Pseudo-Moschopulum
2288 1920 2334 1962 et
2364 1917 2408 1961 in
2439 1916 2612 1961 scholiis
2641 1913 2701 1960 Β2

222 1989 581 2043 Hephaestioneis
612 2001 888 2032 caesurarum
921 1988 1082 2031 mentio
1112 1988 1231 2031 nulla
1260 1988 1322 2032 fit.

404 2091 431 2137 1)
464 2084 625 2135 τετάρτη
651 2088 938 2125 additamentum
962 2094 1158 2136 propterea
1183 2088 1287 2125 velim
1312 2089 1444 2136 deleri,
1482 2089 1578 2137 quod
1602 2091 1670 2128 hoc
1694 2090 1774 2128 loco
1798 2090 1961 2138 ineptum
1985 2095 2060 2137 est,
2093 2094 2131 2127 et
2155 2090 2202 2126 ad
2226 2088 2429 2136 exemplum
2453 2087 2700 2136 praecedentis

220 2144 402 2193 ’τετάρτη
437 2142 639 2192 τροχαϊκή’
665 2148 822 2182 additum
856 2148 1023 2191 videtur,
1056 2147 1224 2191 quodque
1257 2157 1374 2192 neque
1398 2148 1694 2184 Pseudo-Draco
1727 2159 1845 2194 neque
1869 2150 2013 2185 Isaacus
2037 2149 2225 2193 praebent.
2275 2147 2468 2184 Triclinius
2497 2157 2603 2192 sane,
2636 2146 2706 2183 etsi

222 2219 261 2253 p.
288 2209 415 2252 318,28
449 2201 608 2251 τετάρτη
645 2206 780 2250 omisit,
815 2217 851 2250 p.
877 2206 1002 2251 319,9,
1036 2205 1099 2241 ubi
1134 2205 1292 2250 singulas
1316 2216 1482 2242 caesuras
1508 2205 1685 2251 illustrat,
1717 2201 1876 2251 τετάρτη
1903 2201 2112 2253 βουκολική
2138 2205 2301 2251 scripsit,
2334 2204 2432 2250 quod
2455 2209 2573 2241 tamen
2595 2203 2706 2241 etiam

226 2263 452 2302 Gaisfordius
484 2266 658 2299 commate
692 2262 908 2308 interposito
941 2273 1014 2299 non
1046 2263 1153 2299 aliter
1187 2262 1346 2307 intellegi
1381 2263 1496 2299 voluit
1528 2273 1635 2308 quam
1669 2260 1902 2310 βουκολικήν
1937 2264 1975 2300 in
2008 2264 2133 2301 ordine
2167 2273 2398 2300 caesurarum
2423 2273 2502 2300 esse
2526 2267 2707 2309 quartam.

225 2325 258 2367 ²)
295 2318 560 2367 οἷπαρτίζουσα
596 2318 761 2368 συλλαβὴ
796 2333 864 2366 pro
899 2318 1064 2367 συλλαβὴ
1102 2316 1365 2366 άπαρτίζουσα
1394 2321 1431 2357 C.
1490 2321 1521 2367 ³)
1556 2323 1654 2357 Haec
1688 2321 1811 2359 eadem
1844 2322 2011 2368 exempla
2044 2322 2220 2368 praebent
2245 2321 2536 2359 Pseudo-Draco
2559 2320 2707 2358 Isaaclss

223 2381 438 2427 Triclinius3
467 2379 530 2417 sed
554 2379 613 2415 hic
638 2378 684 2414 ad
708 2378 799 2415 illud
823 2378 959 2415 addidit

755 2470 820 2507 καὶ
846 2467 908 2507 τὸ·
933 2465 1095 2517 Ἀτρείὸη
1121 2474 1238 2506 ποῖον

225 2560 261 2592 et
287 2555 333 2591 ad
357 2556 426 2591 hoc

755 2611 820 2647 καὶ
846 2607 910 2647 τὸ·
935 2605 1097 2656 Ἀτρείδη
1123 2606 1238 2646 ποῖόν
1265 2622 1304 2647 σε
1335 2608 1427 2652 ἔπος

222 2707 252 2754 ⁴)
288 2702 472 2752 δεύτερος
506 2705 606 2746 ποῦς
640 2705 714 2750 (sic)
748 2710 783 2740 et
808 2704 932 2751 paullo
956 2709 1041 2750 post
1064 2705 1190 2749 τρίτος
1218 2703 1264 2748 C,
1299 2703 1359 2739 ubi
1383 2704 1508 2750 τρίτος
1531 2709 1567 2738 et
1591 2702 1770 2749 τέταρτος
1793 2703 1978 2740 substitui.
2027 2703 2098 2739 Sed
2123 2703 2255 2739 dixerit
2279 2703 2458 2749 quispiam
2481 2703 2636 2739 fortasse
2659 2713 2706 2739 ne

222 2776 315 2811 opus
340 2764 487 2809 quidem
512 2773 591 2799 esse
616 2768 671 2797 tot
695 2764 995 2807 correctionibus;
1026 2773 1110 2797 nam
1134 2763 1192 2797 fac
1216 2763 1427 2806 scriptorem
1452 2763 1619 2797 consulto
1644 2763 1780 2798 dedisse
1806 2757 1825 2797 ὁ
1853 2759 2036 2806 δεύτερος
2062 2759 2179 2805 πούς,
2214 2763 2278 2798 ubi
2303 2762 2347 2798 de
2370 2762 2478 2798 tertia
2502 2762 2704 2807 trochaica,

221 2824 382 2869 itemque
409 2820 576 2859 consulto
601 2814 621 2856 ὁ
647 2821 781 2866 τρίτος,
807 2820 868 2856 ubi
893 2820 936 2857 de
962 2824 1096 2865 quarta
1120 2819 1305 2857 trochaica
1329 2825 1511 2866 ageretur,
1537 2819 1740 2866 exemplum
1765 2818 1855 2856 illud
1881 2814 1977 2861 Ζεύς
2002 2816 2074 2865 μὲν
2096 2832 2174 2855 που
2190 2815 2278 2866 τόγε
2298 2818 2379 2856 οἶδε
2400 2818 2405 2867 1
2424 2824 2508 2866 apte
2524 2818 2705 2866 quadrare

221 2882 270 2919 ad
302 2881 542 2928 posteriorem
565 2889 761 2915 caesuram.
812 2877 915 2924 Quod
940 2882 1063 2914 tamen
1086 2878 1302 2923 negaverim.
1351 2877 1446 2914 Nam
1475 2878 1542 2926 etsi
1566 2878 1603 2913 in
1631 2878 1661 2913 Ο
1682 2877 1849 2914 insolitae
1875 2878 2053 2914 interdum
2088 2878 2186 2922 leges
2211 2879 2382 2914 metricae
2406 2878 2640 2924 praebentur,
2664 2882 2707 2914 ut

221 2941 314 2977 mira
328 2939 393 2976 illa
406 2939 451 2975 de
473 2937 603 2974 iambis
619 2938 884 2983 paragraphus,
901 2937 945 2972 de
972 2947 1044 2982 qua
1060 2936 1154 2971 infra
1171 2947 1207 2981 p.
1225 2938 1271 2971 24
1287 2947 1338 2981 sq.
1356 2937 1489 2979 videas,
1516 2941 1646 2982 tamen,
1663 2937 1831 2981 quoniam
1856 2936 1893 2970 in
1917 2935 1990 2971 fine
2014 2936 2122 2971 huius
2146 2936 2367 2982 paragraphi
2390 2936 2549 2972 additum
2571 2936 2707 2982 legitur

225 2996 303 3034 ἔστι
326 2997 395 3034 καὶ
421 2994 532 3043 ἑτέρα
559 2992 781 3043 βουκολική,
807 2994 997 3041 probabile
1022 3000 1076 3030 est
1097 2993 1205 3030 aliam
1231 2994 1409 3040 quandam
1435 2994 1637 3031 bucolicam
1655 2995 1725 3031 iam
1742 2994 1991 3040 praecessisse,
2017 2994 2119 3040 eique
2136 2994 2358 3040 adscriptum
2373 2993 2484 3032 fuisse
2498 2994 2705 3041 exemplum

224 3052 323 3098 Ζεὺς
355 3053 427 3103 μέν
461 3067 541 3091 που
576 3056 652 3090 κτλ.
709 3055 837 3100 Itaque
872 3049 1055 3099 δεύτερος
1088 3049 1204 3097 πούς,
1241 3053 1302 3089 ubi
1333 3054 1475 3098 τρίτος,
1513 3058 1549 3089 et
1584 3053 1730 3098 τρίτος,
1764 3052 1827 3088 ubi
1861 3050 2039 3098 τέταρτος
2072 3058 2339 3100 exspectamus,
2372 3053 2616 3100 neglegentiae
2647 3052 2705 3091 vel

222 3116 338 3152 errori
371 3114 675 3159 grammaticastri
709 3112 990 3148 adiudicandum
1024 3110 1177 3146 videtur.
1236 3111 1264 3154 ι)
1298 3111 1377 3146 Ηοο
1414 3111 1519 3145 colon
1543 3122 1588 3146 ex
1614 3111 1751 3156 tribus,
1786 3121 1877 3155 quos
1902 3109 1999 3155 dixi,
2032 3110 2188 3145 metricis
2212 3110 2338 3156 attuli3
2375 3110 2406 3146 Ο
2426 3111 2537 3147 habet
2561 3107 2706 3152 πολιὰς

222 3171 442 3217 διφθίμους
467 3171 565 3215 (sic),
589 3169 688 3215 quod
713 3170 821 3205 etiam
846 3173 1040 3214 propterea
1063 3168 1307 3213 importunum
1333 3172 1403 3212 est,
1430 3167 1515 3211 quia
1540 3177 1584 3203 ex
1609 3166 1777 3212 spondeis
1803 3171 1955 3203 constat.
1998 3166 2026 3211 θ)
2046 3167 2179 3203 Vocem
2198 3164 2285 3202 οἷον
2302 3168 2465 3212 sequitur
2480 3168 2518 3204 in
2536 3167 2567 3203 Ο
2580 3176 2707 3204 versus

758 3258 845 3306 ζεύς
870 3261 941 3308 μὲν
966 3274 1044 3297 που
1070 3257 1158 3298 τόδε
1185 3260 1269 3297 οἵδε
1295 3260 1360 3296 καὶ
1385 3254 1582 3297 ἀθάνατοι

224 3345 293 3382 pro
758 3329 854 3373 Ζεὺς
878 3330 949 3377 μέν
973 3344 1050 3367 που
1075 3328 1163 3377 τόγε
1193 3330 1274 3366 οἶδε
1300 3330 1367 3365 καὶ
1392 3324 1589 3366 ἀθάνατοι
