2915 3831
0 353 17 422 δ’
55 360 57 362 V
99 374 105 380 “
148 347 183 401 ξ»
211 356 488 423 qum³vermm
502 368 690 419 Bergkius
712 375 808 418 poet.
833 370 902 416 lyr.
925 370 980 405 11⁸
1004 337 1074 405 693
1099 368 1151 405 sic
1173 367 1352 405 restituit:

947 432 1087 485 Ἑρξίη,
1111 437 1164 486 πῇ
1188 429 1299 483 δηῦτ’
1316 430 1482 485 ἄνολβος
1507 428 1733 482 ἀθροίζεται
1757 431 1935 484 στρατός;

212 494 404 562 Bergkins,
428 512 491 561 qui
513 512 611 550 hunc
635 511 762 551 Ιοοιιιιι
780 519 824 547 ex
842 508 1041 546 Heliodoro
1064 512 1244 553 sumptum
1269 515 1349 543 esse
1375 511 1507 552 censet,
1531 516 1765 551 quaecunque
1789 506 1833 541 ad
1856 517 1938 543 eum
1961 507 2152 552 pertinent,
2177 506 2201 541 1.
2218 517 2249 542 c.
2266 505 2430 551 collegit;
2455 505 2560 550 adde,
2584 505 2682 551 quod

214 577 334 610 exsut
355 573 394 608 in
416 570 536 618 Etym.
560 580 679 615 magn.
704 579 733 605 s.
757 579 791 603 v.
812 561 996 612 Ἐρξείης.
1011 566 1016 570 Χ
1047 565 1093 610 ¹⁴)
1116 564 1174 601 De
1198 565 1352 612 γραφίῳ
1375 564 1414 600 in
1438 563 1686 601 Callimacheis
1710 563 1746 599 Π
1772 564 1956 600 166-167
1980 564 2122 601 abunde
2147 564 2239 601 dixit
2262 563 2304 600 Ο.
2323 562 2583 609 Schneiderus,
2617 563 2680 609 qui

212 629 444 667 Ambrosiam
477 633 516 665 et
539 625 764 665 Smbantiani
796 622 1009 661 testimoniis
1040 622 1156 658 fretus
1188 621 1339 658 formam
1373 625 1563 667 γραφεῖον
1586 631 1718 658 veram
1742 630 1820 657 esse
1843 621 1995 668 iudicat3
2029 622 2093 658 sed
2116 627 2209 659 teste
2235 620 2479 658 Studemundo
2503 621 2680 657 incertum

211 694 276 735 est,
299 692 424 726 utrum
446 687 485 723 in
507 687 546 723 A
568 685 743 733 γραφείῳ
768 694 816 720 an
840 682 992 729 γραφίῳ
1017 691 1065 716 an
1089 677 1246 728 γραφέῳ
1270 683 1401 715 exstet.
1450 678 1525 716 Alii
1548 679 1615 715 viri
1639 679 1750 725 docti,
1774 690 1864 725 quos
1888 680 2124 717 Schneiderns
2148 681 2171 716 l.
2190 692 2220 717 c.
2246 680 2387 721 attulit,
2411 680 2509 717 hunc
2533 678 2679 716 titulum

214 746 360 784 omnino
384 744 694 791 improbaverunt.
741 741 896 786 Versus,
919 739 982 784 qui
1005 737 1188 784 sequitur,
1212 738 1251 774 in
1278 736 1309 773 G
1328 737 1433 774 foede
1457 742 1651 784 corruptus
1676 748 1789 784 paene
1815 740 1954 785 integer
1978 739 2015 774 in
2039 738 2075 774 A
2099 739 2293 785 invenitur,
2327 738 2425 775 unde
2450 749 2530 774 eum
2554 736 2680 783 paucis

164 815 166 817 ’
214 806 361 843 mutatis
385 798 628 841 Schneidems
654 801 691 836 in
717 798 925 836 Callimach.
951 796 1144 833 editionem
1167 796 1205 831 11
1232 797 1379 842 16’7,3’7ιι
1401 796 1508 832 talem
1532 796 1689 842 recepit:

905 866 1073 902 Εῖλκυσε
1098 863 1141 901 δὲ
1167 861 1306 911 δριμύν
1330 877 1370 901 τε
1396 861 1510 910 χόλον
1534 862 1653 907 κυνὸς
1677 860 1746 911 ὀξύ
1773 879 1811 903 τε
1837 865 1995 913 κέντρον

977 920 1142 970 σφηκός·
1168 918 1234 958 ἄπ’
1258 917 1488 968 ἅμφότερων
1514 920 1575 958 ἰὸν
1602 921 1680 969 ἔχει
1705 921 1901 970 στόματος.

212 1000 271 1036 Ex
308 999 338 1036 0
367 999 478 1045 igitur
510 999 605 1035 nihil
637 997 840 1041 lucramur,
871 995 942 1031 nisi
976 994 1073 1040 quod
1102 988 1217 1039 χόλον
1246 1004 1315 1039 pro
1339 993 1568 1031 Ambrosiani
1591 989 1707 1039 λόχον
1732 994 1997 1040 comprobatur.
2048 994 2193 1040 Cetera,
2229 1005 2320 1040 quae
2345 994 2390 1030 ad
2415 993 2514 1030 hunc
2539 1004 2678 1031 versum

213 1058 407 1103 pertinent,
431 1056 604 1103 pleraque
627 1058 797 1101 congesta
820 1058 905 1089 sunt
927 1052 964 1087 in
988 1050 1195 1087 Schneideri
1221 1050 1468 1087 Callimacheis
1492 1051 1516 1086 1.
1533 1063 1563 1088 c.
1589 1057 1626 1087 et
1650 1051 1688 1087 in
1711 1051 1899 1096 Philologo
1924 1052 1979 1087 III
2004 1054 2083 1088 536.
2124 1052 2237 1098 Adde,
2264 1053 2362 1098 quod
2388 1052 2433 1088 de
2456 1053 2676 1090 Archilocho

211 1114 373 1162 disputat
395 1113 619 1160 Bernhardy,
642 1112 781 1159 griech.
797 1109 1118 1155 Litteraturgesch.
1144 1109 1179 1144 Π
1205 1108 1254 1155 1³,
1279 1110 1358 1144 492.
1411 1108 1454 1155 15)
1479 1109 1536 1146 Sic
1559 1110 1616 1156 A,
1643 1106 1858 1155 σπένδομεν
1881 1109 1959 1145 OS.
2011 1110 2054 1156 ¹⁶)
2080 1106 2250 1156 μνήμαισ
2276 1111 2319 1155 C,
2345 1106 2516 1156 Μνάμας
2533 1110 2672 1147 Keilius

211 1225 248 1257 et
264 1219 493 1257 oseisfordius
515 1220 554 1255 in
577 1217 698 1255 adnot.
742 1218 787 1263 Π)
811 1215 872 1253 Sic
888 1217 935 1261 A,
959 1214 1053 1251 πασὶ
1072 1214 1110 1260 G,
1135 1214 1225 1251 ποσὶ
1240 1215 1280 1252 S.
1325 1214 1368 1261 ¹⁸)
1394 1214 1453 1252 Sic
1469 1215 1517 1260 A,
1543 1180 1685 1261 λήτοῦσ
1703 1213 1781 1261 (sic)
1803 1214 1840 1259 Ο,
1866 1215 2005 1261 λητοῦς
2024 1214 2062 1252 S.
2109 1215 2152 1261 ¹⁹)
2178 1210 2258 1251 ὖϊέϊ
2276 1216 2323 1252 A.
2366 1216 2415 1262 ²⁰)
2440 1212 2677 1263 μακρότερος

213 1288 282 1324 per
307 1277 558 1325 compendium
585 1275 629 1322 Ο,
662 1280 703 1312 ut
733 1275 883 1312 videtur.
933 1274 978 1320 ²¹)
1010 1268 1180 1315 θύοντες
1208 1277 1307 1309 recte
1333 1272 1376 1319 S,
1411 1279 1450 1308 ut
1474 1278 1625 1319 apparet
1649 1284 1694 1310 ex
1719 1273 1828 1309 simili
1851 1274 2079 1311 Ambrosiani
2104 1275 2294 1320 scriptura.
2345 1275 2391 1321 ²²)
2417 1271 2533 1320 λόγον
2556 1276 2677 1321 potius

214 1345 322 1382 quam
354 1331 452 1383 λόγῳ
486 1336 524 1371 in
559 1335 589 1371 G
618 1344 686 1380 per
718 1333 968 1379 compendium
992 1332 1163 1377 scriptum
1188 1332 1329 1368 videtur
1353 1342 1442 1368 esse.
1490 1327 1608 1377 λόγον
1633 1331 1663 1368 S
1684 1343 1827 1379 quoque
1850 1332 2010 1378 praebet.
2060 1332 2106 1379 ²³)
2131 1328 2232 1381 λόγῳ
2259 1333 2294 1368 A
2309 1332 2346 1369 S.
2397 1333 2441 1377 ²⁴)
2467 1333 2556 1370 Inde
2582 1334 2628 1370 ab
2653 1328 2676 1380 ἢ

213 1386 274 1428 ὅτι
297 1403 410 1439 usque
434 1392 481 1430 ed
506 1386 691 1439 ἁμάρτοις
715 1392 751 1427 A
775 1390 822 1427 ad
845 1390 995 1427 verbum
1018 1399 1132 1435 paene
1156 1390 1321 1426 convenit
1343 1401 1423 1426 cum
1449 1390 1478 1426 S
1500 1394 1537 1426 et
1565 1389 1611 1435 C3
1638 1400 1731 1436 quae
1753 1390 1984 1436 praecedunt,
2008 1392 2045 1426 A
2069 1391 2184 1427 multo
2209 1391 2355 1428 uberius
2381 1393 2560 1437 exposuit.

1379 1485 1404 1541 ἕ
1437 1485 1497 1530 lb.

386 1582 588 1637 Sequitur
626 1582 671 1625 in
713 1579 915 1624 Chisiano
954 1575 1136 1635 σχόλιον
1175 1579 1238 1629 εἰς
1277 1572 1328 1621 τὸ
1360 1577 1459 1633 περὶ
1489 1579 1647 1622 ποδῶν
1679 1575 1896 1635 σύνθημα
1911 1579 1965 1633 ¹),
2011 1580 2122 1633 quod
2164 1581 2314 1635 incipit
2354 1580 2450 1633 (fol.
2484 1583 2585 1634 49')
2618 1582 2679 1625 Οἱ

211 1649 478 1706 δισύλλαβοι
508 1650 555 1704 ἕξ
586 1649 707 1706 (sic)·
739 1648 997 1700 σπονδεῖος·
1030 1641 1104 1691 διὰ
1134 1648 1268 1690 τοῦτο
1301 1648 1536 1699 σπονδεῖος
1568 1644 1757 1705 ἐκλήθη,
1789 1644 1939 1706 ἐπειδὴ
1973 1648 2023 1692 ἐν
2053 1657 2147 1700 ταῖς
2179 1650 2397 1701 σπονδαῖς
2426 1652 2519 1693 τῶν
2548 1652 2674 1695 θεῶν

210 1718 401 1767 εἰώθασι
422 1716 530 1777 μετὰ
551 1716 719 1764 τούτου
740 1720 822 1762 τοῦ
844 1717 1009 1774 μέτρου
1029 1716 1174 1772 λέγειν
1195 1712 1273 1767 τὰς
1294 1711 1425 1775 ᾠδάς.
1469 1718 1677 1760 Secuntur
1699 1719 1968 1772 pyrrhichius
1990 1720 2215 1763 trochaeus
2236 1720 2417 1762 iambus.
2462 1720 2673 1776 Deinceps

213 1792 273 1836 Οἱ
297 1788 588 1848 τρισύλλαβοι
619 1789 670 1833 δὲ
702 1785 817 1832 ὀκτῶ
849 1791 926 1831 κτλ
929 1819 1051 1831 .....
1075 1787 1233 1831 desinit
1262 1790 1458 1830 καλεῖται
1490 1784 1539 1830 δὲ
1570 1782 1793 1841 μολοσσὸς
1824 1782 1899 1831 διὰ
1926 1782 1976 1831 τὸ
2004 1787 2208 1844 μέγιστος
2240 1785 2356 1832 εἶναι
2376 1786 2562 1833 πάντων
2582 1791 2674 1832 τῶν

210 1856 367 1905 ἁπλῶν
394 1862 552 1904 ποδῶν
582 1859 657 1903 καὶ
687 1856 911 1915 μήκιστος.
2560 1851 2564 1854 ’

390 1940 418 1985 ¹)
442 1940 490 1975 ad
513 1936 556 1974 τὸ
583 1967 592 1975 .
607 1966 639 1974 ..
666 1935 849 1982 σύνθημα
874 1938 1007 1982 potius,
1032 1947 1138 1981 quam
1162 1935 1208 1972 ad
1232 1931 1304 1980 τὴν
1327 1962 1359 1970 ..
1374 1962 1382 1970 .
1408 1931 1602 1979 σύνθεσιν,
1629 1946 1736 1981 quam
1761 1935 1949 1972 lectionem
1973 1947 2098 1973 sensus
2122 1938 2237 1982 magis
2260 1937 2401 1973 videtur
2417 1939 2674 1985 commendare,

212 1999 344 2035 ducere
367 1997 511 2034 videtur
536 1997 725 2042 incertum,
748 2007 821 2041 quo
846 1994 1016 2030 librarius
1040 1997 1126 2030 usus
1150 1998 1215 2039 est,
1239 1993 1439 2038 scripturae
1464 1992 1727 2038 compendium.

384 2067 494 2112 Tota
524 2067 629 2111 haec
658 2066 970 2122 paragraphus,
991 2077 1100 2121 quae
1121 2064 1224 2119 ipsis
1247 2064 1448 2118 exemplis
1470 2060 1588 2118 ἥρως
1609 2062 1744 2119 λόγος
1766 2067 1906 2120 δῆμος
1927 2070 2015 2108 κτλ.
2040 2068 2093 2108 ad
2114 2068 2305 2120 singulos
2326 2069 2455 2120 pedes
2476 2069 2675 2110 metricos

209 2139 488 2181 illustrandos
519 2138 562 2179 in
593 2136 749 2179 codicis
780 2136 973 2188 margine
1004 2135 1163 2177 additis
1194 2138 1340 2177 notam
1372 2135 1592 2177 doctrinae
1620 2135 1888 2189 Byzantinae
1919 2149 2022 2189 prae
2053 2150 2099 2180 se
2132 2137 2229 2189 fert,
2262 2138 2370 2180 satis
2400 2137 2701 2191 neglegenter·

209 2207 451 2262 conscripta
477 2209 556 2250 est.
604 2206 769 2248 Eadem
789 2205 946 2247 eisdem
970 2203 1216 2257 saepissime
1236 2203 1376 2246 verbis
1396 2203 1671 2246 inveniuntur
1690 2204 1733 2247 in
1757 2204 1886 2247 schol.
1905 2203 1962 2247 B2
1981 2205 2214 2260 Hephaest.
2237 2219 2278 2261 p.
2298 2209 2540 2258 168-172,
2563 2206 2678 2262 apud

210 2276 456 2321 Triclinium
477 2288 518 2331 p.
535 2278 631 2328 322,
664 2275 862 2343 Isaacum
882 2287 920 2329 p.
941 2275 1138 2316 174-—76
1161 2276 1204 2316 et
1229 2276 1442 2326 177—79‚
1469 2272 1708 2317 Draconem
1729 2287 1769 2329 p.
1790 2277 1886 2327 127,
1918 2275 1990 2330 qui
2020 2279 2167 2319 tamen
2198 2276 2282 2319 alio
2314 2276 2433 2320 fonte
2464 2289 2567 2321 usus
2598 2280 2674 2320 est.

1391 2385 1483 2442 §2

1084 2478 1197 2538 Περὶ
1227 2481 1309 2525 τοῦ
1340 2474 1541 2539 ἡρωϊκοῦ
1574 2480 1741 2538 μέτρου
1757 2482 1802 2537 1).

389 2563 447 2612 Τὸ
479 2561 679 2623 ἡρωϊκὸν
710 2565 874 2622 μέτρον
905 2560 1145 2620 ἑξάμετρόν
1177 2562 1361 2618 ἐστιν2)·
1394 2563 1438 2616 ἓξ
1470 2548 1676 2621 γὰρρἔει
1708 2562 1919 2621 χῶρας3)·
1951 2562 2029 2618 τὰς
2059 2566 2141 2622 μὲν
2162 2567 2292 2612 πέντε
2314 2568 2607 2625 συγκειμένας
2627 2572 2675 2613 ἐκ

207 2654 255 2683 τε
295 2635 523 2682 δακτύλου
564 2635 639 2680 καὶ
670 2636 915 2680 σπονδείου
927 2635 985 2690 ¹¹),
1027 2633 1168 2678 ἐνίοτε
1200 2631 1250 2676 δὲ
1280 2632 1355 2676 καὶ
1385 2625 1516 2677 αὗται
1529 2634 1563 2690 5)
1595 2633 1946 2692 παλιμβάκχειον
1959 2637 1992 2691 ⁶)
2024 2637 2097 2680 καὶ
2129 2633 2421 2694 ἀμφίμακρον
2454 2639 2674 2695 δέχονται,

205 2701 437 2792 καθαροὺς
468 2706 621 2762 μέντοι
652 2704 727 2750 καὶ
758 2705 807 2749 ἐν
838 2702 957 2758 τάξει
989 2703 1274 2761 δακτυλικῇῚ)
1307 2703 1678 2759 διακειμένουςθ).
1712 2706 1907 2760 καθαροὶ
1932 2707 1985 2749 δέ
2002 2710 2131 2761 εἰσιν,
2164 2705 2274 2751 ὅταν
2296 2705 2671 2765 ἀπαρτίζωνται9)

205 2780 268 2829 εἰς
306 2777 439 2833 μέρος
479 2774 620 2833 λογον
635 2777 687 2832 ¹⁰)
729 2764 803 2818 καὶ
842 2771 925 2831 τὴν
964 2773 1293 2829 ἐπιφερομένην
1334 2770 1565 2829 συλλαβὴν
1608 2771 1863 2830 ἀρχομένην
1894 2779 2056 2831 ἔχωσιν
2088 2773 2174 2821 ἀπὸ
2207 2776 2558 2834 φωνήεντοςΗ)·
2600 2779 2674 2823 καὶ

204 2844 550 2903 παλιμβάκχειος
580 2845 752 2902 μεν12),
784 2841 844 2897 ῶς
874 2861 924 2889 το
940 2843 992 2896 ¹³)

730 2924 961 2984 πλάγχθη,
993 2924 1085 2970 ἐπεὶ
1121 2927 1282 2980 Τροίης
1314 2920 1438 2981 ἱερὸν
1469 2928 1743 2982 πτολίεθρον
1776 2930 1959 2983 ἔπερσεν
1991 2929 2037 2982 (α
2056 2930 2122 2983 2)·

203 3007 470 3069 ἀπήρτισται
504 3006 592 3068 γὰρ
623 3012 686 3063 εἰς
715 3009 849 3067 μέρος
879 3006 1020 3066 λόγου
1051 3003 1101 3052 τὸ
1133 3004 1341 3064 πλάγχθη
1353 3007 1405 3063 ¹⁴)
1438 3007 1513 3050 καὶ
1543 3003 1766 3066 η’ἑξῆςίὸ)
1799 3006 1885 3054 ἀπὸ
1908 3009 2169 3069 φωνήεντος
2191 3009 2433 3069 ἄρχεταιῑθ)
2455 3016 2537 3057 τοῦ
2563 3013 2670 3069 ἒἪ)

204 3077 491 3140 ἄμφίμακρος
525 3080 594 3137 δὲ,
627 3076 687 3133 ῶς
716 3077 767 3125 τὸ

735 3159 834 3207 οὔτι
867 3178 943 3217 μοι
975 3163 1092 3215 αἰτίη
1126 3158 1240 3216 ἐσσὶ,
1272 3163 1380 3204 θεοί
1406 3159 1465 3206 νύ
1497 3178 1574 3218 μοι
1607 3166 1748 3206 αἴτιοί
1774 3165 1889 3207 εἰσιν
1921 3164 1982 3218 (Γ
1996 3165 2096 3219 164)

210 3249 273 3300 εἰς
302 3242 389 3304 γὰρ
420 3245 554 3303 μέρος
583 3243 725 3302 λόγου
756 3240 1021 3301 ἀπήρτισται
1051 3236 1077 3300 ἡ
1111 3242 1188 3299 μᾶ
1218 3237 1417 3299 συλλαβὴ
1450 3242 1523 3287 καὶ
1545 3238 1683 3302 <ἡ>
1708 3243 1867 3301 ἑξῆςίδ)
1899 3241 2077 3303 ἄρχεται
2109 3240 2195 3289 ἀπὸ
2228 3248 2305 3303 τῆς
2326 3248 2372 3291 ἦ
2394 3245 2672 3305 διφθόγγου,

218 3313 365 3374 ἤγουν
405 3311 493 3360 ἀπὸ
534 3313 796 3373 φωνήεντος
825 3316 907 3357 τοῦ
939 3312 1062 3367 52¹⁹)·
1103 3308 1130 3371 ἡ
1164 3312 1213 3357 δὲ
1242 3314 1346 3367 ἕκτη
1378 3311 1500 3369 χώρα
1532 3318 1776 3358 σπονδεῖον
1808 3316 1980 3372 δέχεται
2012 3316 2104 3371 [καὶ
2135 3314 2279 3368 ἄλλως
2311 3319 2481 3374 δέχεται
2513 3322 2678 3374 ἴαμβον
