2915 3831
1431 104 1485 145 26

228 236 363 285 κατὰ
403 235 528 294 τοὺς
568 236 804 295 ἄνωθεν,
843 244 887 285 et
917 239 1070 284 deinde
1100 234 1315 297 ἀνόμοιος
1345 241 1423 294 (sc.
1456 242 1680 299 δίμετρος)
1709 249 1804 296 τοῖς
1832 241 2134 300 προτέροις;
2175 242 2223 288 οἱ
2249 246 2394 288 autem
2422 237 2606 289 ἄνωθεν
2634 235 2687 300 ἡ·

227 313 415 367 μίαμβοι
458 316 502 356 et
545 311 591 354 οἱ
628 302 840 366 πρότεροι
884 311 1085 366 ὃίμετροι
1128 311 1277 365 quales
1319 311 1389 354 hic
1428 312 1735 367 intelleguntur
1775 325 1913 369 neque
1952 314 1997 356 in
2038 313 2249 369 particula
2290 312 2372 375 11⁸&
2395 325 2533 374 neque
2573 311 2711 368 ,apud-

227 382 487 438 Aeschylum
525 381 810 436 praecedunt3
861 380 1078 424 exstitisse
1126 381 1260 434 igitur
1307 380 1402 425 illos
1443 382 1534 426 veri
1574 394 1660 426 non
1700 383 1907 427 dissimile
1944 382 2115 427 videtur
2152 382 2266 437 apud
2304 382 2531 438 antiquum
2566 381 2689 427 illum

2719 1 2770 18 .¹-
2806 0 2914 26 -ῑψ

2836 31 2841 34 ’
2859 25 2915 39 ’τ”ν4

228 453 455 496 metricum
496 452 540 495 in
583 463 634 495 ea
677 450 880 503 materia,
924 462 1034 506 quae
1075 450 1186 494 hanc
1224 451 1481 506 particulam
1521 450 1592 495 11¹²
1630 453 1924 506 praecesserit.
1994 453 2087 496 Iam
2126 464 2227 497 vero
2266 455 2410 497 exstat
2447 452 2493 495 in
2532 450 2690 499 codicis
2777 447 2830 503 '1⁷

229 522 423 567 Chisiani
463 522 563 566 folio
602 526 676 566 53v
715 521 945 565 frustulum
984 520 1160 564 maximi
1200 522 1254 565 ad
1291 526 1456 567 rectum
1486 523 1538 567 de
1569 522 1593 578 ἓ
1633 526 1698 577 12,
1737 521 1806 566 IIb
1849 523 2050 567 iudicium
2090 521 2333 566 faciendum
2374 521 2581 568 momenti
2615 519 2690 576 (cf.

230 591 252 648 ἓ
278 592 370 646 14),
417 592 529 646 quod
571 592 671 635 olim
712 604 809 635 cum
848 590 872 645 ξ
908 594 960 634 12
1001 591 1144 645 aliquo
1175 592 1300 636 modo
1330 592 1574 637 cohaesisse
1604 599 1662 637 et.
1678 595 1820 638 nescio
1850 606 1934 648 qua
1965 605 2094 637 causa
2123 592 2295 636 videtur
2323 592 2551 647 abruptum
2581 602 2692 636 eme.

229 663 279 705 In
320 662 394 706 illa
426 663 538 705 enim
569 661 843 717 paragrapho
880 664 932 704 14
963 661 1115 705 eadem
1145 661 1198 705 de
1236 655 1528 719 ἡμιηρωτκοῖς
1570 663 1765 707 doctrina
1805 663 2007 718 exemplis
2038 660 2292 705 Christianis
2322 660 2540 706 illustrata
2568 672 2694 716 prae-f.
2758 681 2769 686 ·

229 734 368 785 betur,
400 745 509 786 quae
539 732 582 775 in
615 730 637 786 ξ
664 734 729 785 12,
762 731 831 775 11⁸
862 730 914 774 de
943 724 1249 787 ἡμιαμβείοις;
1288 738 1331 777 et
1363 733 1571 788 suspicari
1602 732 1704 778 licet
1733 738 1958 789 utramque
1988 732 2244 788 particulam
2274 731 2329 776 ab
2350 720 2500 776 eodem
2518 729 2692 777 homine

232 802 516 857 conscriptam
547 814 661 856 esse,
695 801 901 846 excidisse
931 804 1077 846 autem
1108 801 1293 847 fortasse
1324 803 1368 846 in
1400 803 1543 847 codice
1574 802 1776 848 Chisiano
1805 806 1903 859 post
1932 801 1956 858 ἓ
1981 806 2033 847 14
2063 800 2317 858 particulam
2348 801 2507 846 eisdem
2536 799 2693 858 quibus

232 872 253 927 ξ
291 876 364 925 12,
405 870 474 914 IIb
505 873 671 927 legibus
710 876 982 926 congestam,
1024 873 1079 914 ad
1119 873 1238 916 cuius
1278 873 1517 927 exemplum
1558 873 1672 916 idem
1703 877 1852 918 auctor
1883 872 2149 916 Christianus
2189 885 2268 916 sua
2309 873 2361 916 de
2401 866 2694 928 ἡμιηρωεκοῖς

231 943 538 998 composuerit3
570 941 695 1000 plura
727 942 822 986 vide
853 943 897 985 in
929 942 1202 999 paragrapho
1234 947 1298 986 14.
2568 960 2570 962 >

407 1025 520 1067 Mira
549 1037 652 1068 sane
682 1025 852 1067 videtur
883 1028 928 1067 et
958 1037 1096 1078 paene
1125 1024 1273 1078 inepta
1304 1025 1510 1078 doctrina,
1543 1036 1653 1079 quae
1683 1026 1727 1068 in
1757 1026 1823 1068 his
1854 1026 2074 1080 particulis
2104 1025 2350 1080 praebetur3
2381 1036 2519 1079 neque
2548 1026 2696 1066 tamen

233 1095 496 1150 spernendae
536 1100 639 1138 sunt
678 1096 825 1138 variae
865 1095 1069 1139 lectiones
1110 1094 1385 1150 reliquiarum
1417 1095 1750 1150 Aeschylearum
1787 1097 1831 1139 in
1873 1096 1896 1151 ξ
1932 1100 2007 1149 12,
2040 1095 2108 1139 IIb
2139 1096 2422 1148 exstantium,
2462 1106 2569 1150 quas
2598 1089 2695 1148 quis

232 1167 390 1209 nostris
433 1166 670 1208 servaverit
710 1165 972 1219 temporibus
1013 1165 1177 1218 ignoro.
1239 1165 1386 1219 Neque
1427 1166 1542 1208 enim
1574 1178 1626 1209 ex
1655 1170 1883 1219 poetarum
1914 1167 2205 1209 scaenicorum
2234 1165 2495 1209 Graecorum
2523 1162 2695 1208 scholiis

232 1248 369 1292 neque
400 1235 572 1280 aliunde
603 1248 658 1279 ne
689 1236 952 1280 levissimum
983 1235 1155 1289 quidem
1184 1235 1415 1290 vestigium
1446 1235 1647 1290 colligere
1677 1235 1790 1281 licet.
1838 1235 1962 1289 Quod
1991 1239 2137 1280 tamen
2156 1248 2241 1280 non
2260 1246 2519 1290 magnopere
2538 1232 2697 1278 mirum

234 1310 312 1349 est.
373 1306 485 1349 Nam
525 1311 573 1349 ut
614 1310 783 1350 constat
825 1306 986 1349 scholia
1025 1305 1121 1358 illa,
1161 1318 1271 1360 quae
1310 1305 1434 1348 hodie
1467 1305 1840 1359 circumferantur,
1883 1306 2120 1361 Aeschylea
2150 1318 2236 1349 non
2266 1305 2476 1360 integrius
2501 1303 2696 1348 Mediceo

234 1376 391 1419 habere
432 1375 779 1428 fundamentum,
824 1377 882 1419 ita
934 1379 1097 1419 certum
1138 1379 1206 1417 est
1249 1374 1353 1418 haec
1396 1375 1638 1430 fragmenta
1670 1375 1874 1419 Chisiana
1912 1379 2045 1419 testes
2083 1388 2179 1419 esse
2216 1374 2439 1430 archetypi
2476 1372 2697 1417 cuiusdam

235 1446 501 1500 antiquioris,
535 1460 589 1489 ex
620 1446 739 1489 cuius
772 1446 999 1489 collatione
1031 1446 1068 1488 si
1098 1445 1247 1488 liceret
1277 1444 1440 1488 fructus
1469 1457 1624 1498 capere
1653 1458 1740 1488 non
1771 1444 1919 1489 dubito
1949 1446 2052 1499 quin
2072 1445 2194 1488 crisis
2216 1444 2451 1500 Aeschyleo.
2470 1444 2515 1486 in
2536 1445 2698 1487 statum

236 1516 455 1559 meliorem
494 1517 631 1571 redigi
673 1516 820 1570 possit.
884 1515 995 1559 Sane
1035 1515 1114 1559 hoc
1154 1514 1383 1560 frustulum
1415 1516 1559 1569 magni
1589 1520 1655 1558 est
1685 1515 1885 1570 ponderis
1916 1515 1971 1559 ad
2002 1515 2287 1560 emendandos
2318 1513 2517 1569 Aeschyli
2546 1524 2696 1558 versus

236 1588 280 1630 in
309 1584 422 1642 Sept.
456 1600 489 1630 c.
523 1586 654 1631 Theb.
688 1589 918 1630 961-966
951 1585 1035 1639 (ed.
1068 1584 1276 1630 Dindorfii
1306 1585 1476 1641 quint),
1508 1585 1560 1630 de
1590 1586 1745 1640 quibus
1776 1586 1920 1631 videas
1951 1585 2066 1631 infra
2095 1599 2135 1642 p.
2169 1590 2225 1631 30
2255 1597 2346 1641 sqq.

1416 1763 1518 1805 111³.

414 1903 521 1946 Pars
542 1903 644 1955 111⁸,
677 1914 787 1956 quae
818 1902 1013 1945 minutiis
1045 1902 1231 1956 exceptis
1263 1915 1356 1945 cum
1387 1902 1559 1945 scholiis
1580 1900 1636 1944 Β2
1657 1900 2014 1956 Hephaestioneis
2046 1898 2107 1954 (p.
2130 1897 2392 1952 183‚9—24)
2423 1893 2698 1951 consentit*),

238 1986 437 2017 versuum
476 1973 640 2026 aliquot
670 1972 1022 2026 Euripideorum,
1065 1973 1137 2025 qui
1169 1972 1206 2014 ei
1238 1973 1386 2014 inserti
1418 1976 1541 2023 sunt,
1585 1971 1803 2014 meliorem
1854 1982 1982 2024 quam
2027 1970 2194 2013 codices
2225 1967 2446 2021 Euripidei
2475 1966 2699 2010 lectionem

239 2042 407 2087 videtur
438 2054 647 2086 servasse.

415 2123 615 2180 Legimus
648 2127 793 2168 autem
824 2123 950 2168 haec:

419 2204 676 2262 Πόσοιζτῶν
699 2207 920 2261 ἰαμβικῶν
942 2204 1116 2261 μέτρων
1137 2206 1425 2260 χαρακτῆρες;
1446 2203 1672 2259 τέσσαρες·
1693 2199 1915 2260 τραγικὸς,
1937 2198 2143 2259 κωμικὸς,
2166 2196 2417 2256 σατυρικὸς,
2439 2196 2653 2255 ἰαμβικός.
2667 2197 2701 2253 ¹)

417 2287 508 2331 Καὶ
540 2287 631 2331 ἐστὶ
662 2290 878 2343 τραγικοῦ
919 2286 1002 2343 μὲν
1044 2289 1185 2341 ἴδιον,
1227 2282 1277 2329 τὸ
1322 2287 1369 2330 ἐκ
1401 2287 1645 2330 σπονδείου
1676 2284 1750 2329 καὶ
1782 2282 1947 2340 ἰάμβου
1980 2289 2267 2341 συγκεῖσθαι,
2300 2282 2443 2326 ἐνίοτε
2474 2279 2524 2326 δὲ
2552 2279 2627 2325 καὶ
2658 2280 2701 2333 ἐξ

242 2354 344 2411 ἑνὸς
374 2361 466 2402 τῶν
497 2356 882 2413 τρισυλλάβων·2)
924 2351 1024 2401 οἷον

760 2435 887 2481 ‘'me
920 2434 1035 2489 Διὸς
1064 2446 1167 2489 παῖς
1196 2435 1330 2494 τήνδε
1364 2439 1570 2493 Θηβαίαν
1600 2434 1746 2493 χθόνα

770 2505 1014 2562 Διόνυσος,
1048 2504 1102 2552 ὃν
1132 2510 1268 2551 τίκτει
1298 2502 1461 2562 ποθ’θ)
1493 2501 1521 2564 ἡ
1555 2504 1746 2563 Κάδμου
1777 2503 1902 2562 κόρη.
1966 2506 2087 2560 (Eur.
2110 2506 2264 2551 Bacch.
2300 2510 2336 2549 l.
2371 2504 2428 2559 2.)

424 2606 638 2659 Κωμικοῦ
672 2602 721 2647 δὲ
732 2603 769 2658 ⁴)
802 2605 923 2646 ἴδιον
954 2597 1004 2645 τὸ
1019 2602 1053 2657 5)
1086 2602 1132 2645 ἐκ
1163 2599 1476 2658 τρισυλλάβων
1508 2595 1567 2652 ὦς
1597 2600 1667 2644 ἐπὶ
1698 2596 1748 2644 τὸ
1779 2604 1990 2644 πλεῖστον
2021 2604 2307 2656 συγκεῖσθαι·
2340 2592 2439 2642 οἶον

774 2679 847 2741 ἢθ)
879 2683 1025 2741 φρένα
1055 2681 1137 2740 μὲν
1169 2678 1252 2728 οὐκ
1273 2682 1524 2728 ἐθέλουσαν
1546 2678 1750 2740 ὀμόσαι7)
1771 2678 1876 2728 καθ’
1902 2684 2051 2739 ἱερῶν.
2123 2681 2358 2738 (Aristoph.
2380 2681 2488 2725 Ran.
2516 2678 2628 2735 101.)

426 2780 518 2822 Τοῦ
550 2777 599 2823 δὲ
630 2780 877 2834 σατυρικοῦ
911 2779 1031 2822 ἴδιον
1044 2777 1079 2831 Β)
1109 2772 1160 2822 τὸ
1193 2775 1331 2833 μέσον
1361 2778 1444 2821 τοῦ
1457 2776 1492 2832 ⁹)
1522 2777 1738 2833 τραγικοῦ
1768 2774 1842 2819 καὶ
1872 2773 2164 2832 muezoe-¹⁰)
2197 2768 2297 2818 οἷον

770 2852 828 2917 ἦν
860 2854 972 2915 6²¹¹)
1004 2855 1142 2917 ἄγκος
1170 2853 1460 2916 ὑψίκρημνον
1490 2854 1626 2903 ὕδασι
1657 2854 1914 2915 διάβροχον.
1927 2855 1978 2912 ¹²)
2039 2856 2157 2910 (Eur.
2180 2855 2335 2901 Bacch.
2364 2854 2509 2911 1051.)

428 2954 520 2996 Τοῦ
553 2951 602 2996 δὲ
633 2955 844 3010 ίαμβικοῦ
879 2944 1010 2996 l'ffaov'
1030 2947 1080 2995 τὸ
1113 2951 1161 2994 ἐκ
1182 2948 1469 3007 δισυλλάβων
1489 2954 1755 3006 συγκεῖσθαι
1776 2948 1864 3003 καὶ,
1885 2950 1926 2992 εἰ
1945 2944 2145 2992 δυνατὸν
2156 2946 2223 3003 13),
2245 2947 2288 3000 ἐξ
2310 2944 2508 3003 ἰάμβων·
2525 2947 2577 3003 ¹⁴)
2606 2942 2707 2992 οἷον

772 3032 910 3089 πάτερ
932 3029 1168 3088 Λυκάμβα,
1198 3040 1332 3075 ποῖον
1363 3029 1544 3087 ἐφράσω
1574 3029 1691 3076 τόδε.
1705 3032 1756 3085 15)
1824 3031 2080 3086 (Archiloch.
2110 3031 2262 3086 fragm.
2298 3035 2354 3074 94
2384 3029 2563 3086 (Bergk,
2594 3036 2707 3087 poet.

2173 3102 2250 3156 lyr.
2284 3099 2362 3155 11³,
2394 3101 2496 3154 710)

420 3271 452 3316 ¹⁶)
487 3270 587 3308 Conf.
621 3269 665 3307 de
689 3269 740 3306 eis
766 3266 1001 3314 scriptoribus
1025 3265 1068 3303 de
1091 3275 1130 3302 re
1153 3265 1320 3310 metrica,
1352 3263 1414 3311 qui
1440 3262 1572 3301 similia
1596 3263 1810 3310 docuerunt,
1847 3263 1888 3300 Ο.
1924 3263 2045 3301 Hense
2074 3257 2134 3300 ‘de
2158 3262 2247 3300 Iuba
2271 3256 2497 3310 artigrapho’
2525 3261 2580 3310 (in
2609 3261 2710 3301 Actis

246 3330 369 3366 societ.
393 3329 519 3375 philol.
544 3329 646 3375 Lips.
671 3329 736 3373 IV)
761 3338 798 3372 p.
814 3329 880 3362 251
902 3337 953 3371 sq.
