2915 3831
1462 142 1515 184 18

421 275 686 330 Compilator
717 275 948 321 chisianus
978 279 1047 322 vel
1078 280 1257 324 fortuito
1286 280 1352 323 vel
1382 280 1578 324 consulto
1607 278 1686 322 has
1715 278 1902 345 ineptias
1931 277 1994 323 sic
2022 276 2206 322 mutavit
2216 290 2233 320 t.

297 351 412 401 ’ἔστι
442 356 517 399 καὶ
549 355 676 410 ἑτέρα
706 353 975 414 βουκολικὴ,
1006 350 1035 415 ᾖ
1066 360 1115 403 οἱ
1139 356 1196 404 τὰ
1225 355 1471 415 βουκολικὰ
1502 356 1873 416 συγγραψάμενοι
1893 353 2164 415 κέχρηνται.’

419 448 503 493 Sed
538 450 798 504 scripturam
834 464 979 495 veram
1016 456 1060 496 et
1097 454 1331 507 genuinam
1366 465 1463 497 eam
1498 452 1648 506 fuisse,
1687 452 1827 507 qualis
1855 452 1901 497 in
1930 451 2189 496 tractatibus
2219 454 2264 495 et
2293 449 2486 496 Pseudo·
2491 448 2732 532 Plutarchi.

243 523 289 562 et
317 517 510 561 Pseudo·
516 518 727 562 Draconis
757 520 949 574 legatur,
991 534 1045 565 ex
1074 534 1125 566 eo
1154 527 1299 577 patet,
1339 523 1475 575 quod,
1514 527 1725 577 quantum
1754 522 1946 568 Pseudo·
1953 520 2207 565 Plutarchus
2236 519 2436 576 praebet,
2476 503 2607 565 alter
2603 519 2729 566 cum

241 587 380 633 altero
421 587 548 643 plane
594 590 824 634 consentit.
887 591 931 635 Si
978 591 1112 647 igitur
1157 593 1219 637 sic
1256 592 1560 647 incipiebatur:
1606 590 1815 649 κέκληται
1860 590 1911 634 δὲ
1944 585 2188 646 βουκολικὴ
2221 622 2389 642 ......
2420 591 2597 634 dubium
2625 602 2715 635 non

241 656 430 709 videtur,
470 659 574 712 quin
610 660 654 701 in
694 671 746 703 eo
784 659 922 713 fonte,
963 661 1077 705 unde
1106 667 1286 716 uterque
1316 661 1505 713 fluxerit,
1546 662 1708 703 usitata
1737 662 1812 703 illa
1842 673 2020 703 caesura
2048 660 2263 711 bucolica,
2303 671 2420 713 quae>
2444 664 2588 706 exstat
2615 664 2719 715 post

242 730 442 780 quartum
473 729 624 781 pedem
655 730 917 783 absolutum,
948 731 1241 785 praecesserit.
1302 730 1499 784 Accedit,
1536 730 1649 785 quod
1678 734 1828 774 nostra
1857 729 1973 773 illius
2002 740 2225 782 caesurae,
2263 739 2375 783 quae
2403 732 2501 785 post
2529 728 2714 785 primm

241 797 382 851 quinti
411 798 531 851 pedis
562 799 774 854 syllabam
804 798 866 854 fit,
899 800 1086 855 cognitio
1115 801 1173 845 ad
1204 800 1328 844 unius
1360 801 1584 845 scientiam
1613 800 1681 843 vel
1711 800 1927 844 inscitiam
1957 798 2182 843 referenda
2210 802 2278 842 est
2299 797 2568 852 (Triclinium
2596 795 2714 846 enfin

244 871 290 911 et
318 866 539 921 Isaacum‚
576 869 650 923 qui
682 873 854 924 praeter
886 870 923 914 C
949 870 1131 914 eandem
1160 883 1252 914 rem
1283 870 1511 925 praebent,
1548 875 1592 913 et
1623 881 1717 913 cum
1747 870 2140 914 Pseudo-Dracone
2170 868 2448 922 conveniunt,
2479 881 2533 913 ex
2562 869 2714 921 eod·-

244 937 476 991 archetypo
516 939 702 992 pendere
734 940 860 982 docet
889 940 1161 993 Epimetrum
1192 940 1285 993 IV).
1345 939 1465 991 Quae
1495 952 1588 983 cum
1619 940 1683 983 ita
1715 940 1823 993 sint,
1865 942 1982 983 certo
2022 938 2161 983 iudico
2189 938 2383 993 quisquis
2411 939 2637 983 materiam
2667 939 2715 983 in

244 1006 500 1050 editionibus
530 1006 752 1051 Plutarchi
789 1012 1030 1052 exstantem
1069 1009 1343 1063 descripserit
1374 1020 1472 1051 eum
1502 1020 1648 1051 veram
1679 1009 1907 1052 lectionem
1937 1008 2197 1061 exhibuisse3
2237 1009 2369 1051 alium
2399 1008 2551 1051 deinde
2580 1019 2714 1062 quen-

245 1075 344 1119 dam
383 1075 527 1130 legum
566 1077 841 1120 metricarum
880 1077 994 1121 haud
1032 1078 1095 1121 ita
1124 1078 1306 1133 peritum
1337 1078 1483 1121 eodem
1514 1076 1746 1132 archetypo
1775 1090 1899 1120 usum
1928 1076 2040 1120 falsa
2069 1089 2147 1131 pro
2176 1077 2290 1120 veris
2321 1078 2618 1131 substituisse;
2658 1090 2715 1123 ex
2794 1115 2797 1117 ,

244 1146 363 1189 cuius
406 1148 604 1201 congerie
647 1146 821 1191 fluxisse
864 1148 1068 1201 quidquid
1108 1149 1221 1202 apud
1252 1147 1694 1191 Pseudo-Draconem
1725 1147 1923 1191 Isaacum
1954 1147 2204 1191 Triclinium
2234 1171 2289 1178 —
2320 1147 2477 1203 quippe
2505 1147 2580 1202 qui
2610 1159 2707 1192 cum

243 1216 352 1259 alias
382 1221 476 1259 tum
507 1216 587 1260 hoc
618 1218 712 1260 loco
744 1219 836 1260 sine
868 1219 1037 1261 ratione
1068 1221 1197 1271 atque
1228 1217 1401 1261 consilio
1433 1217 1756 1272 compilaverint
1775 1241 1834 1248 -—
1858 1218 2122 1270 inveniatur3
2153 1218 2270 1261 illam
2299 1221 2442 1262 autem
2473 1227 2710 1271 caesuram,

246 1299 374 1341 quam
404 1287 449 1330 hi
479 1287 625 1331 dicant
657 1287 913 1342 bucolicam‚
946 1300 1157 1343 nusquam
1188 1288 1232 1332 in
1262 1291 1501 1332 ceterarum
1531 1299 1807 1332 caesurarum
1836 1287 2028 1332 ordinem
2058 1291 2272 1343 receptam
2301 1287 2446 1333 fuisse.

1432 1449 1457 1505 ἓ
1489 1454 1527 1493 9.

1324 1564 1438 1620 Περὶ
1469 1566 1632 1620 τομῶν.

428 1673 467 1713 T
463 1673 573 1727 ομαί
617 1673 703 1715 εἰσι
748 1670 981 1726 τέσσαρες·
1025 1665 1384 1728 πενθημιμερὴς,
1428 1664 1760 1726 ἑφθημιμερὴς,
1803 1664 1914 1713 κατὰ
1958 1672 2113 1725 τρίτον
2156 1674 2394 1726 τροχαῖον,
2437 1670 2708 1726 τετραποδία

246 1739 503 1797 βουκολική.

424 1807 776 1868 Πενθημιμερὴς
816 1812 866 1856 δὲ
905 1812 1099 1869 λέγεται,
1141 1807 1209 1854 ὅτι
1248 1812 1340 1854 τῶν
1378 1809 1509 1853 πέντε
1548 1806 1599 1853 τὸ
1641 1806 1781 1867 ἥμισυ
1820 1812 1930 1866 ἔχει,
1970 1810 2172 1854 τουτέστι
2204 1808 2289 1855 δύο
2319 1808 2463 1863 πόδας
2492 1810 2567 1854 καὶ
2598 1812 2708 1866 μίαν

248 1879 500 1938 συλλαβήν·
532 1876 632 1926 οἷον

773 1947 972 2007 Ἀτρείδη
1003 1959 1138 1994 ποῖον

418 2039 758 2101 Ἑφθημιμερὴς
801 2044 850 2088 δὲ
889 2045 1084 2100 λέγεται,
1126 2039 1235 2087 ὅταν
1275 2038 1381 2098 μετὰ
1421 2036 1528 2093 τοὺς
1565 2050 1681 2096 τρεῖς
1709 2039 1853 2093 πόδας
1882 2037 2049 2098 εὑρεθῇ
2080 2039 2278 2099 συλλαβὴ
2311 2039 2615 2097 ἆπαρτίζουσα
2645 2047 2709 2097 εἰς

249 2113 382 2168 μέρος
410 2111 570 2168 λόγου·
602 2113 675 2158 καὶ
706 2114 879 2170 λέγεται
914 2107 1237 2171 ἑφθημιμερὴς,
1269 2106 1418 2167 ἐπειδὴ
1450 2112 1542 2154 τῶν
1573 2106 1679 2154 ἑπτὰ
1709 2105 1760 2155 τὸ
1792 2107 1930 2167 ἥμισυ
1960 2113 2070 2166 ἔχει·
2104 2105 2205 2154 οἷον

774 2203 994 2262 Ἀτρείδη,
1026 2204 1161 2250 ποῖόν
1193 2218 1241 2249 σε
1272 2208 1375 2256 ἔπος

425 2295 552 2343 Κατὰ
595 2303 748 2355 τρίτον
788 2298 838 2344 δὲ
880 2306 1092 2355 τροχαῖον
1133 2296 1328 2354 λέγεται,
1369 2292 1479 2340 ὅταν
1510 2289 1617 2350 μετὰ
1647 2288 1753 2346 τοὺς
1784 2290 1869 2338 δύο
1900 2291 2043 2347 πόδας
2072 2297 2134 2348 εἰς
2164 2295 2298 2353 μέρος
2327 2294 2467 2354 λόγου
2497 2305 2706 2355 τροχαῖος

248 2364 487 2426 ἀπαρτίζῃ·
520 2364 620 2413 οἷον

775 2435 997 2495 Ἀτρείδη,
1027 2435 1162 2481 ποῖόν
1193 2450 1242 2481 σε
1275 2439 1374 2492 (inc.
1404 2437 1439 2481 C
1466 2435 1536 2480 fol.
1562 2435 1659 2490 52V)

430 2535 706 2589 Τετραποδία
760 2533 810 2577 δὲ
856 2527 1100 2589 βουκολικὴ
1146 2531 1317 2588 λέγεται
1331 2564 1343 2585 ,
1395 2526 1505 2574 ὅταν
1550 2520 1633 2574 οἷσι
1677 2528 1886 2585 τέσσαρες
1929 2526 2064 2582 πόδες
2108 2525 2420 2587 ἄπαρτίζοντες
2468 2533 2531 2584 εἰς
2576 2530 2710 2588 μέρος

248 2599 409 2658 λόγου·
442 2598 543 2646 οἷον

775 2667 996 2727 Ἀτρείδη,
1027 2668 1163 2715 ποῖόν
1196 2681 1244 2713 σε
1274 2672 1377 2721 ἔπος
1407 2666 1554 2724 φύγεν
1585 2667 1733 2723 [ἕρκος
1764 2663 2002 2723 ὀδόντων]

425 2777 537 2822 Huic
576 2779 814 2832 particulae
857 2779 901 2821 in
935 2777 1189 2832 Byzantinis
1228 2773 1508 2824 tractatibus,
1552 2776 1759 2827 quotquot
1790 2772 1928 2816 adhuc
1957 2773 2175 2825 novimus,
2215 2773 2321 2816 nihil
2350 2786 2430 2828 par
2458 2778 2620 2830 exstat3
2664 2779 2712 2821 at

247 2848 503 2894 Latinorum
533 2860 628 2892 cum
659 2848 748 2903 alii,
783 2849 836 2892 de
866 2849 1020 2903 quibus
1050 2850 1200 2903 postea
1230 2845 1408 2897 dicetur,
1441 2847 1534 2887 tum
1565 2842 1791 2897 praecipue
1816 2841 2040 2886 Diomedes
2065 2842 2136 2886 lib.
2155 2842 2234 2896 111,
2260 2855 2351 2898 cap.
2382 2847 2432 2888 16
2458 2844 2498 2899 (Ι
2521 2848 2607 2889 497
2634 2845 2707 2901 K.)

246 2918 510 2963 simillimam
549 2919 707 2973 recepit
748 2919 1009 2971 doctrinam,
1051 2930 1177 2972 quam
1218 2918 1255 2958 si
1294 2916 1389 2968 quis
1431 2926 1525 2956 cum
1563 2913 1641 2956 hac
1680 2913 1892 2966 particula
1934 2912 2136 2956 Chisiana
2176 2916 2504 2969 comparaverit,
2551 2916 2713 2961 similes

246 2989 475 3044 praecipue
515 2987 849 3042 significationes
888 3000 985 3032 eum
1016 3000 1100 3031 non
1130 2985 1356 3040 effugient,
1398 2987 1445 3027 ut
1477 2976 1606 3025 κατὰ
1645 2983 1800 3036 τρίτον
1830 2976 2060 3037 τροχαῖον’
2064 3015 2077 3037 ,
2112 2976 2399 3039 “τετραποδία
2428 2981 2694 3043 βουκολική’
2700 3004 2712 3039 3

248 3064 294 3103 et
318 3053 412 3102 ubi
443 3061 540 3112 post
570 3058 676 3102 duos
708 3058 838 3170 pedes
870 3063 913 3102 et
944 3070 1073 3101 unam
1103 3055 1313 3111 syllabam
1342 3066 1442 3108 pars
1474 3053 1678 3096 orationis
1710 3046 1936 3106 expletur’,
1967 3053 2079 3106 quod
2109 3054 2336 3108 respondet
2366 3056 2506 3100 verbis
2536 3055 2713 3100 Graecis

242 3123 375 3172 ’ὅταν
411 3123 520 3182 μετὰ
551 3121 699 3178 τούς.
747 3160 757 3170 .
791 3123 935 3178 πόδας
965 3120 1132 3189 εὑρεθῇ
1163 3119 1361 3181 συλλαβὴ
1393 3118 1695 3178 ἆπαρτίζουσα
1726 3124 1788 3173 εἰς
1818 3120 1950 3176 μέρος
1980 3117 2138 3177 λόγον’
2151 3141 2164 3175 ;
2205 3127 2249 3168 et
2278 3119 2632 3182 ’πενθημιμερὴς
2662 3123 2713 3170 δὲ

248 3198 437 3253 λέγεται,
470 3213 539 3240 οτι
568 3199 662 3240 τῶν
694 3196 825 3242 πέντε
855 3192 906 3241 τὸ
937 3194 1077 3254 ἥμισυ
1094 3191 1204 3278 τἔχει’
1210 3229 1222 3251 ,
1251 3195 1363 3250 quod
1396 3192 1621 3237 Diomedes
1651 3193 1713 3236 Sic
1742 3193 1888 3237 vertit:
1927 3186 2003 3236 Et
2033 3192 2130 3237 ideo
2159 3190 2495 3254 πενθημιμερης
2523 3199 2713 3250 vocatur,

248 3268 352 3322 quia
392 3268 580 3322 quinque
620 3267 749 3323 pedes
789 3259 1264 3322 ᾱ1ν1ᾱ11,’;ε1;“ἐπειδὴ
1304 3265 1397 3308 τῶν
1439 3256 1546 3305 ἑπτὰ
1585 3256 1636 3304 τὸ
1677 3258 1815 3316 ἥμισυ
1845 3257 1969 3317 ἔχει’,
2008 3246 2121 3315 quod
2151 3263 2378 3309 Diomedes
2419 3266 2536 3309 hisce
2573 3266 2716 3311 reddit
2766 3333 2778 3338 ἡ

249 3339 410 3383 verbis:
436 3333 620 3382 ‘scilicet
651 3339 753 3393 quia
784 3342 948 3394 septem
978 3339 1201 3383 dividit...
