2915 3831
2703 13 2747 28 ὀ-
2864 16 2914 35 cx

2679 35 2715 51 ’Ψ
2753 34 2790 67 ssss‘
2803 37 2912 67 -xxffl-

2850 66 2857 70 “’
2879 67 2903 77 'ae

1456 76 1581 152 ιε’

234 242 278 283 et
316 237 479 283 scholia
514 239 551 284 B
592 239 827 296 Hephaest.
859 239 928 298 (p.
955 245 1053 299 199,
1060 247 1179 289 14-
1193 246 1278 288 200
1283 242 1399 298 ,23)
1438 243 1584 292 latius
1608 243 1795 298 distant,
1831 242 1906 299 qui
1943 241 2054 288 hanc
2090 254 2185 288 rem
2222 242 2365 290 obiter
2400 237 2765 301 mummi,

232 308 428 353 Pseudo·
436 309 575 354 Draco
606 310 666 365 (p.
696 313 775 354 161
785 313 1014 364 ,28--162
1019 312 1101 366 ,8)
1143 326 1325 368 quocum
1355 313 1527 357 omnino
1557 313 1771 357 consentit
1798 313 1978 358 Isaacus
2004 312 2245 358 Monachus
2273 325 2317 368 p;
2341 316 2468 368 186,
2469 317 2552 363 fret
2563 305 2716 369 Belin
2801 326 2831 357 T‘

233 391 275 434 p.
309 383 419 423 79—
427 383 496 425 80.
558 379 650 424 Hos
692 384 841 425 tamen
882 394 1031 427 omnes
1072 384 1111 427 si
1150 383 1266 428 inter
1305 396 1352 429 se
1383 383 1724 439 comparaveris,
1766 386 1811 428 et
1839 395 1894 428 ex
1921 383 2063 429 verbis
2095 387 2140 428 et
2170 396 2223 428 ex
2253 368 2582 439 compositione
2590 374 2745 431 facite

237 461 469 504 cognosces
499 462 574 494 eos
604 463 656 494 ex
687 450 839 495 eodem
870 450 991 496 fonte
1021 452 1219 508 pendere,
1251 466 1374 508 quem
1406 457 1523 498 certo
1554 453 1694 498 iudico
1724 453 1860 498 fuisse
1892 450 2054 499 scholia
2077 452 2134 497 B¹
2158 451 2523 509 Hephaestionea.
2568 445 2717 507 Quam
2754 487 2760 491 -

236 521 462 564 materiam
503 533 637 575 prope
680 533 849 565 omnem
888 535 941 566 ex
971 522 1311 578 Byzantinorum
1353 523 1549 568 doctrina
1579 522 1832 579 profluxisse
1860 537 1947 569 non
1977 523 2206 568 admodum
2234 526 2358 567 recte
2382 521 2553 567 videtur
2581 521 2716 579 expli-

234 601 356 633 casse
376 589 672 644 Westphalius
704 588 765 644 (12
796 589 919 645 214);
951 604 1055 636 nam
1084 592 1255 636 etiamsi
1286 605 1350 646 ea,
1382 592 1523 647 qualis
1557 596 1602 636 et
1628 593 1674 636 in
1700 592 1781 637 hac
1810 592 2082 648 paragrapho
2107 595 2152 636 et
2178 592 2294 648 apud
2319 595 2484 637 ceteros
2513 592 2716 638 metricos

232 658 498 715 Byzantinos
528 660 708 713 legitur,
740 661 843 714 quin
876 664 1023 705 aetate
1053 661 1299 716 Byzantina
1329 663 1422 717 ipsa
1452 666 1659 717 congesta
1689 662 1748 705 sit
1777 674 1864 705 non
1895 661 2200 714 dubitaverim,
2232 661 2367 706 nihilo
2395 665 2543 706 tamen
2572 662 2716 712 minus

234 730 471 773 censuerim
501 729 673 773 easdem
705 729 836 784 leges,
870 731 907 774 si
937 731 1185 775 discesseris
1213 732 1269 775 ab
1295 744 1359 784 e0‚
1389 732 1503 784 quod
1532 732 1585 775 de
1611 732 1904 786 amphimacro
1931 736 1975 775 et
2001 730 2311 787 palimbacchio
2338 727 2558 786 profertur
2582 731 2717 787 (quod

233 803 348 844 certe
367 799 708 855 Byzantinorum
728 798 831 853 est),
854 799 942 844 iam
963 800 1282 855 antiquioribus
1303 800 1565 856 temporibus
1586 803 1713 845 notas
1732 798 1880 845 fuisse.
1926 800 2134 845 Metricae
2152 799 2267 845 enim
2286 799 2404 855 leges
2423 799 2578 856 quibus
2597 800 2717 848 cordi

232 874 357 913 erant
386 870 613 924 quinquies
643 870 706 913 ita
737 869 969 924 feriebant,
1001 875 1050 914 ut
1079 871 1124 914 in
1153 872 1292 925 prima
1321 876 1364 915 et
1392 871 1531 914 altera
1560 870 1662 915 sede
1693 870 1801 916 duos
1831 871 2040 926 dactylos,
2073 870 2115 913 in
2145 869 2277 914 tertia
2305 873 2450 914 autem
2480 870 2715 926 spondeum

233 944 465 994 ponerent,
506 951 631 993 quem
672 942 763 983 tum
805 944 1034 994 sequentes
1066 941 1286 985 faciebant
1316 941 1420 985 duos
1452 945 1725 995 anapaestos.
1787 940 2091 997 Rhythmicam
2121 944 2267 984 autem
2296 940 2371 994 qui
2401 938 2716 995 profitebantur

230 1013 371 1054 artem
406 1014 545 1054 totum
577 1021 748 1054 versum
779 1010 842 1054 ita
873 1010 1146 1064 dividebant,
1188 1015 1238 1056 ut
1269 1014 1313 1054 et
1340 1010 1474 1065 priori
1504 1010 1619 1065 parti
1649 1014 1693 1054 et
1724 1010 1855 1055 alteri
1884 1009 2009 1054 binos
2041 1008 2233 1065 dactylos
2263 1007 2484 1054 absolutos
2513 1013 2559 1054 et
2587 1010 2715 1056 semi-

231 1080 449 1136 dactylum
480 1079 735 1124 tribuerent.
787 1080 1053 1124 Pentametri
1084 1082 1220 1135 igitur
1250 1093 1414 1132 nomen,
1448 1081 1561 1136 quod
1592 1084 1694 1123 ante
1715 1080 2112 1124 Hermesianactem
2144 1079 2244 1133 (sub
2274 1078 2404 1123 finem
2428 1080 2589 1132 saeculi
2611 1078 2715 1125 ante

232 1148 453 1193 Christum
484 1153 633 1192 natum
665 1150 851 1202 quarti),
884 1151 929 1191 in
960 1151 1081 1193 cuius
1113 1151 1261 1205 elegiis
1292 1153 1464 1193 exstant
1494 1150 1539 1192 hi
1565 1162 1713 1192 versus
1748 1148 1940 1203 (Anthol.
1962 1150 2042 1204 lyr.
2072 1150 2136 1193 ed.
2158 1147 2339 1202 Bergk?
2358 1161 2399 1203 p.
2426 1153 2581 1203 135,35
2604 1149 2713 1204 sq&

588 1244 858 1296 Μίμνερμος
889 1241 959 1296 δὲ,
997 1238 1080 1285 τὸν
1111 1237 1232 1299 ἡδὺν
1265 1238 1314 1293 ὃς
1344 1238 1498 1297 εὕρετο
1530 1236 1702 1285 πολλὸν
1733 1236 1928 1293 ὧνατλάς

641 1303 755 1365 ἦχον
785 1311 860 1353 καὶ
891 1314 1097 1366 μαλακοῦ
1122 1308 1280 1366 πνεῦμ’
1314 1307 1399 1354 άπὸ
1432 1310 1761 1365 πενταμέτρου,

235 1416 304 1447 me
340 1404 486 1459 legere
524 1415 609 1446 non
639 1404 838 1456 memini,
881 1416 933 1446 ex
965 1404 1156 1447 metricis
1186 1404 1352 1458 legibus
1392 1402 1514 1446 fluxit
1556 1407 1601 1446 et
1640 1403 1840 1458 deinceps
1880 1404 1936 1446 ad
1966 1407 2104 1447 artem
2136 1403 2421 1458 rhythmicam
2450 1403 2713 1447 translatum

233 1479 317 1525 est;
351 1474 403 1516 cf.
435 1475 551 1516 locos
583 1487 609 1516 a
641 1473 872 1515 Leutschio
904 1474 948 1515 in
980 1473 1103 1525 libro,
1135 1474 1210 1527 qui
1241 1473 1488 1517 inscribitur
1513 1466 1797 1525 ‘griechische
1817 1467 2003 1526 Metrik',
2036 1488 2077 1528 p.
2096 1477 2153 1517 89
2186 1478 2424 1527 congestos,
2456 1476 2501 1518 et
2519 1472 2713 1518 Diomed.

230 1544 252 1589 I
285 1546 382 1588 502.
416 1546 516 1588 503.
561 1542 663 1587 Atil.
685 1542 864 1587 Fortun.
894 1541 955 1587 VI
987 1544 1130 1596 291,6.
1176 1542 1286 1587 Mar.
1317 1541 1477 1586 Victor.
1509 1540 1569 1586 VI
1604 1544 1773 1596 107,21.
1810 1545 1978 1597 108,27.
2014 1545 2318 1597 109,10,13,29
2349 1546 2454 1597 etc.;
2486 1541 2539 1588 cf.
2572 1542 2704 1588 etiam

231 1612 280 1658 Ο.
313 1613 525 1658 Hensium
557 1613 610 1657 de
640 1613 749 1657 Iuba
770 1613 1022 1669 artigrapho
1044 1626 1083 1669 p.
1109 1616 1192 1657 237
1226 1624 1288 1668 sq.
1350 1612 1460 1657 Nam
1482 1624 1578 1656 cum
1598 1623 1747 1656 versus
1767 1612 1922 1656 herous
1944 1624 2022 1656 suo
2044 1613 2137 1656 iure
2157 1613 2397 1668 antiquitus
2418 1611 2704 1668 ἑξαμέτρουὴ

230 1685 483 1739 cognomine
512 1683 720 1738 appellari
763 1687 935 1737 posset,
978 1683 1151 1727 distichi
1189 1696 1361 1726 versum
1391 1685 1574 1726 alterum
1604 1680 1909 1737 πεντάμετρον
1939 1695 2025 1726 ιιοιι
2055 1687 2257 1737 poterant
2286 1683 2507 1738 appellare
2536 1683 2621 1726 nisi
2649 1683 2703 1735 ei,

230 1755 303 1808 qui
334 1754 575 1809 rhythmica
606 1754 777 1796 dotrina
808 1753 1006 1807 neglecta
1038 1753 1228 1808 syllabas
1252 1765 1401 1797 versus
1427 1754 1581 1796 misere
1602 1753 1888 1796 numerabant
1919 1758 1963 1796 et
1984 1754 2210 1796 metricum
2242 1753 2415 1796 schema
2445 1752 2581 1796 solum
2612 1764 2704 1794 res-

229 1824 459 1879 piciebant.
521 1824 671 1877 Neque
714 1827 860 1866 tamen
904 1823 1113 1866 sincerior
1155 1822 1227 1865 ille
1258 1823 1492 1877 explicandi
1534 1821 1683 1865 modus
1716 1835 1742 1864 a
1773 1821 2014 1877 rhythmica
2050 1822 2247 1867 doctrina
2276 1822 2440 1877 petitus
2469 1825 2566 1876 post
2596 1820 2704 1865 Her-

231 1895 536 1938 mesianaetem
567 1905 740 1948 prorsus
772 1894 817 1936 in
849 1893 1106 1938 oblivionem
1136 1894 1267 1938 venit.

410 1987 437 2030 ¹)
486 1984 543 2020 Ex
574 1984 627 2021 eis
658 1985 720 2029 qui
749 1995 845 2020 nunc
869 1989 1013 2021 exstant
1039 1985 1274 2030 scriptoribus
1298 1985 1443 2021 Graecis
1467 1984 1674 2021 Herodotus
1697 1984 1851 2030 primus,
1882 1989 2056 2029 quantum
2088 1984 2221 2031 sciam,
2252 1983 2421 2030 Pythiam
2447 1978 2489 2018 ἐν
2514 1978 2706 2029 ἑξαμέτρῳ

232 2040 331 2092 τόνῳ
359 2044 389 2089 (Ι
413 2045 472 2089 47)
498 2042 556 2081 vel
582 2038 623 2078 ἐν
651 2040 756 2078 ἔπεσι
783 2039 1024 2088 ἑξαμέτροισι
1050 2042 1133 2089 (VII
1157 2043 1239 2088 220)
1265 2043 1423 2079 locutam
1448 2052 1526 2079 esse
1550 2043 1601 2078 ita
1625 2042 1732 2088 dixit,
1757 2047 1798 2079 ut
1822 2041 1960 2078 oraculi
1984 2051 2108 2078 versus
2132 2041 2298 2078 heroicos
2323 2039 2552 2086 significaret.

1409 2181 1433 2236 ς,
1465 2185 1529 2223 72.

1211 2284 1325 2339 Περὶ
1356 2281 1725 2340 άνακρεοντείων.

414 2383 515 2424 Τῶν
555 2376 915 2435 ἀνακρεοντείων
929 2381 962 2435 ¹)
1001 2379 1281 2435 ἐπιδέχονται
1323 2381 1370 2422 oc
1403 2378 1486 2434 μὲν
1526 2375 1642 2421 οἶκοι
1656 2378 1690 2432 ²)
1722 2373 2003 2422 ἀνάπαιστον
2035 2377 2108 2421 καὶ
2142 2375 2226 2421 δύο
2260 2375 2452 2433 ἰάμβους
2490 2375 2565 2420 καὶ
2597 2379 2706 2431 μίαν

228 2447 441 2507 περιττὴν
473 2448 704 2505 συλλαβήν
736 2446 994 2505 ἀδιάφορον
1007 2448 1066 2502 3)·
1099 2444 1199 2492 οἷον

768 2549 785 2562 υ
830 2552 848 2564 „
948 2556 973 2562 -
1063 2550 1079 2561 v
1138 2557 1161 2563 -
1182 2536 1293 2569 <υ>
1349 2554 1366 2561 -

762 2573 849 2623 άπὸ
893 2580 977 2622 τοῦ
1020 2581 1158 2622 λίθου
1200 2573 1251 2621 τὸ
1295 2576 1484 2632 ρἐῢθρον
1497 2575 1533 2631 ⁴)
1566 2610 1575 2619 .

228 2669 279 2717 τὸ
322 2673 372 2717 δὲ
413 2670 590 2716 τούτων
605 2673 639 2727 ⁵)
679 2670 955 2717 κουκούλιον
996 2672 1167 2728 γίνεται
1208 2671 1251 2723 ἐξ
1293 2667 1537 2720 ἐλάσσονος
1575 2666 1649 2711 καὶ
1691 2670 1911 2723 μείζονος,
1952 2665 2185 2710 τουτέστιν
2225 2661 2312 2710 άπὸ
2352 2668 2593 2723 πυρριχίου
2631 2666 2707 2710 καὶ

229 2743 501 2786 σπονδείου·
535 2735 635 2784 οἷον

762 2815 968 2899 {perv-59⁶)
999 2816 1285 2899 εῧστὲφάνου
1315 2812 1461 2886 {vag}
1492 2842 1550 2894 (G
1576 2841 1648 2884 fol.
1673 2841 1773 2893 51')
1806 2818 2016 2894 δρὲψαςῚ)
2051 2873 2061 2882 .

215 2937 343 2984 ’Ἐστι
375 2939 425 2983 δὲ
447 2938 673 2992 <καὶ>8)
696 2935 814 2982 οὕτω
847 2940 1080 2993 μετρῆσαι·
1112 2931 1139 2992 ἡ
1170 2934 1323 2992 πρώτη
1357 2932 1479 2991 χώρα
1501 2931 1896 2989 <ἐπιδέχεται>9>
1917 2926 2211 2986 ἀνάπαιστον,
2241 2925 2269 2987 ἡ
2302 2929 2490 2987 δευτέρα
2522 2933 2705 2988 ἴαμβον,

226 3005 254 3066 ἡ
285 3013 413 3066 τρίτη
446 3012 614 3064 ἴαμβον
627 3008 703 3062 ¹⁰),
734 3002 829 3064 ἡΗ)
861 3004 1048 3062 τετάρτη
1080 3001 1338 3062 ἀδιάφορον
1370 3000 1683 3061 συλλαβήνίῖγ
1717 2997 1820 3045 οἷον

775 3091 846 3130 <u
1136 3112 1161 3119 -
1218 3104 1236 3118 υ
1267 3111 1292 3118 -
1360 3088 1448 3127 ->

820 3131 905 3179 άπὸ
888 3104 1019 3191 υτῆς
1050 3138 1186 3191 φίλης
1216 3131 1493 3191 ἐρήμου13)·

230 3195 304 3240 καὶ
336 3193 584 3244 <udi-w>

770 3254 844 3294 <u
878 3270 896 3285 υ
968 3278 992 3285 -
1083 3269 1102 3284 ⁰
1132 3277 1157 3285 —
1239 3270 1257 3283 υ
1328 3276 1353 3284 -
1415 3253 1488 3292 υ>

762 3299 894 3356 βλέπε
925 3301 1019 3353 πῶς
1048 3296 1174 3351 κόνις
1204 3295 1257 3343 τὰ
1287 3296 1434 3344 πάντα
1448 3297 1515 3351 ¹⁴).
