2915 3831
1472 135 1549 177 10·

248 269 482 328 imaginem
521 269 803 315 conservavit
866 269 1016 327 Neque
1050 273 1170 318 euim
1200 274 1339 319 solum
1370 281 1562 327 versum,
1597 272 1655 315 de
1682 281 1770 335 quo
1801 271 1932 317 verba
1959 269 2089 325 fiunt,
2126 271 2403 334 incolumem
2402 272 2618 354 ρνήει,
2656 268 2780 332 sed

249 341 377 386 etiam
408 343 639 394 utrumque
670 339 850 394 hiatum,
882 352 967 396 quo
997 338 1146 386 Versus
1176 343 1347 387 laborat
1376 342 1581 397 (priorem
1610 332 1753 384 verbis
1785 335 1892 384 ἰδοὺ
1922 335 1973 384 τὸ
2000 334 2160 397 ’σοφὴ’
2190 327 2274 393 εἰς
2275 341 2490 398 φοᾳῆὲρ
2482 328 2633 406 όῇγοε
2642 340 2794 398 jd

249 405 278 468 ἡ
310 410 408 467 ἑξῆς
434 424 617 466 αρχεςαι
648 404 737 453 ’ἀπὸ
767 411 853 454 νοῦ
885 429 934 467 α,
967 407 994 456 ὅ
1023 412 1147 456 ἐστιν
1178 408 1345 468 ὁμοίως
1374 413 1580 469 φωνῆεν,
1611 412 1796 455 alterum
1824 411 1967 455 verbis
1997 408 2074 454 καὶ
2101 405 2154 455 τὸ
2180 404 2377 456 ’ἅπασα
2388 401 2647 481 ἆνδηόί.

250 476 339 538 γαρ
363 475 578 523 ανασσα’
612 481 749 532 εἰς
713 499 743 524 α
780 482 924 537 λῆγον
955 481 1031 525 καὶ
1060 477 1113 526 τὰ
1139 478 1359 537 ἀνδρῶν’
1393 476 1480 526 ἀπὸ
1512 484 1596 527 τοῦ
1628 498 1665 527 α·
1692 475 1959 537 ἀρχόμενον.
1962 479 2002 535 ),
2044 479 2300 535 inusti-avim
2342 482 2431 528 veri
2465 466 2623 539 ‘gitur
2642 479 2746 532 mil

251 551 457 594 dissimile
500 550 672 593 videtur
715 553 917 606 scriptori
962 552 1167 597 Chisiano
1210 558 1286 597 aut
1327 557 1562 598 tractatum
1605 552 1980 606 Hamburgensem
2023 553 2099 595 aut
2141 549 2243 595 huic
2287 550 2553 598 simillimum
2592 552 2732 605 ocimu,

251 619 523 666 observatum
554 623 599 664 et
630 620 685 665 ab
717 620 797 665 hoc
828 621 1132 666 obtruncatum
1163 634 1268 667 esse.

433 713 461 758 ¹)
489 707 530 747 ἐκ
551 709 588 748 C'.
631 710 660 757 ²)
688 706 840 757 ἀνδρῶν
867 723 1034 758 σφετερα
1060 713 1137 759 (sic)
1159 713 1196 757 C,
1222 708 1374 759 ἀνδρῶν
1398 712 1566 759 φερτὲρα
1592 713 1734 750 libellus
1759 722 1957 760 anonymus
1981 711 2026 748 de
2044 721 2083 747 re
2099 710 2447 756 metricaexcodice
2461 700 2728 758 Hmburgeuei

252 782 274 808 8.
298 771 340 807 F.
360 771 403 807 G.
422 769 690 806 Schneidewino
717 770 836 805 editus
860 770 917 815 (cf.
935 770 1068 806 Philol.
1084 771 1154 806 vol.
1167 771 1201 805 X
1225 783 1260 816 p.
1275 773 1345 805 350
1360 772 1425 815 sq.)
1450 775 1487 805 et
1512 770 1693 814 repetitus
1716 770 1754 804 in
1769 769 1903 805 Lexieo
1921 768 2192 805 Vindobonensi
2207 768 2263 805 ed.
2280 767 2410 806 Nauck
2433 770 2563 815 p.268.
2602 762 2729 808 Hsffis

252 830 348 865 hunc
372 839 513 864 versum
538 827 706 863 mutilum
730 828 781 864 sic
805 828 971 872 praebet:
996 822 1075 863 ἄλλ’
1094 821 1123 864 ὦ
1149 824 1251 873 σοφὴ
1278 823 1438 872 ἄνασσα,
1464 828 1528 873 qui
1552 827 1648 864 unde
1672 832 1835 873 sumptus
1858 827 1916 873 sit,
1939 837 2012 864 uon
2035 826 2151 873 magis
2170 825 2313 871 scimus,
2336 836 2444 873 quam
2461 836 2554 873 quse
2564 821 2729 873 proximi

252 899 376 925 versus
401 886 479 933 (καὶ
504 889 699 931 πυρπολεῖ
717 880 873 921 ἅπασαν
898 884 1185 932 είκονουργίαν)
1211 886 1311 931 origo
1336 886 1394 922 sit.
1441 885 1536 922 Nam
1561 897 1607 922 ex
1630 895 1736 922 versu

1051 949 1131 1000 μετ’
1158 949 1363 999 εὐμενείας
1386 951 1478 993 τούς
1504 951 1622 999 ἐμοὺς
1647 953 1764 998 δέχου
1789 951 1929 998 λόγους

252 1028 317 1074 qui
350 1037 397 1063 ex
428 1026 572 1071 Georgii
596 1024 741 1060 Pisidae
774 1023 1006 1069 expeditione
1032 1024 1179 1060 Persica
1203 1025 1219 1059 I
1245 1026 1290 1059 36
1324 1024 1380 1069 (cf.
1405 1034 1537 1069 corpus
1568 1026 1735 1070 scriptor.
1758 1025 1845 1061 hist.
1870 1026 2018 1071 Byzant.
2043 1026 2142 1061 XXI.
2167 1025 2222 1062 ed.
2244 1024 2425 1070 Niebuhr)
2457 1023 2657 1061 arcessitus
2689 1023 2729 1061 in

253 1085 381 1123 Heliae
416 1088 571 1121 tractatu
605 1093 731 1119 versus
765 1082 864 1119 illius
888 1082 1128 1128 fragmentum
1155 1076 1246 1128 (ἀλλ’
1272 1075 1300 1118 ὦ
1327 1077 1428 1127 σοφὴ
1455 1076 1620 1127 ἄνασσα)
1645 1082 1809 1128 proxime
1833 1083 2008 1129 sequitur,
2040 1082 2100 1120 vix
2123 1083 2286 1120 conicere
2310 1081 2395 1119 licet
2417 1081 2527 1120 etiam
2544 1082 2615 1119 hos
2637 1076 2728 1120 dum

252 1155 376 1181 versus
400 1154 444 1179 ex
470 1142 628 1179 eiusdem
655 1141 803 1186 Georgii
826 1141 1045 1177 carminibus
1070 1140 1230 1185 fluxisse,
1255 1150 1469 1186 quamquam
1493 1140 1609 1176 fateor
1633 1141 1782 1186 Georgii
1800 1139 1940 1177 Pisidae
1965 1142 2124 1178 carmina
2147 1142 2286 1178 minora
2310 1151 2364 1187 ea,
2388 1151 2482 1187 quae
2505 1140 2546 1178 in
2569 1139 2727 1181 editione

252 1201 432 1239 Bonnensi
455 1200 553 1246 typis
577 1200 734 1245 repetita
759 1204 854 1244 sunt,
887 1199 988 1244 mihi,
1022 1199 1105 1234 dum
1130 1199 1222 1234 haec
1246 1199 1376 1242 scribo,
1410 1203 1554 1242 praesto
1578 1209 1651 1234 non
1676 1208 1766 1234 esse.
1814 1199 1844 1244 ⁸)
1871 1197 1959 1234 ἰδοῦ
1987 1199 2025 1235 G.
2073 1199 2103 1244 ⁴)
2127 1200 2228 1236 Haec
2252 1210 2322 1235 vox
2345 1203 2490 1235 constat
2515 1210 2560 1235 ex
2580 1198 2726 1236 duobus

251 1260 404 1306 pedibus
437 1257 626 1303 dactylicis
659 1257 812 1302 integris
845 1262 881 1292 et
913 1268 958 1292 ex
992 1267 1064 1292 uno
1098 1256 1328 1301 catalectic03
1365 1265 1471 1301 quam
1504 1259 1627 1292 utrum
1659 1256 1738 1302 ipse
1769 1256 1984 1302 compilator
2017 1258 2261 1303 composuerit
2286 1266 2334 1294 an
2366 1257 2489 1304 potius
2514 1255 2659 1294 aliunde
2681 1266 2727 1294 ex

250 1317 449 1355 hexametri
484 1313 649 1362 dactylici
684 1313 849 1350 clausula
882 1314 1093 1359 sumpserit,
1126 1313 1264 1358 ignoro·
1322 1314 1349 1354 ⁵)
1384 1313 1479 1348 Tota
1510 1313 1574 1348 illa
1606 1323 1690 1359 pars
1725 1325 1747 1350 a
1780 1310 1850 1359 χρὴ
1883 1314 1927 1348 δὲ
1954 1310 2162 1359 εὐρύθμως
2185 1318 2314 1349 ποιεῖν
2337 1324 2450 1359 usque
2472 1313 2520 1349 ad
2545 1318 2727 1359 κωμικοῖς

252 1376 395 1422 (Helias
431 1375 483 1411 ed.
509 1373 622 1408 Furia
655 1384 691 1417 p.
718 1374 861 1417 7520),
895 1383 989 1417 quae
1023 1372 1186 1417 sequitur
1220 1372 1256 1406 in
1281 1373 1469 1416 Laurent.,
1502 1371 1602 1407 deest
1636 1372 1673 1407 in
1706 1371 1890 1408 codicibus
1914 1371 2052 1409 Veneto
2075 1371 2260 1409 Marciano
2286 1372 2592 1409 CCCCLXXXIII
2621 1377 2658 1409 et
2687 1371 2727 1409 in

251 1434 449 1471 Barberino
476 1433 493 1468 1
518 1435 539 1467 4
566 1430 664 1477 (olim
689 1441 746 1465 no.
765 1432 834 1465 295
859 1431 1011 1475 signato)
1037 1429 1254 1476 bombycino
1280 1429 1434 1474 (saeculo
1462 1429 1560 1465 XIV.
1586 1430 1754 1475 scripto),
1781 1439 1887 1476 quem
1913 1429 2066 1467 contulit
2091 1429 2369 1467 Studemundus.

1428 1574 1451 1629 ξ
1485 1578 1546 1618 5⁸.

1086 1663 1183 1711 ’Έτι
1213 1666 1313 1722 περὶ
1343 1668 1425 1711 τοῦ
1457 1667 1669 1722 ιάμβικοῦ
1702 1665 1881 1723 μέτρου.

436 1757 496 1805 Τὸ
538 1756 749 1817 ἰαμβικὸν
789 1758 955 1816 μέτρον
997 1762 1085 1816 ἔχει
1124 1757 1267 1812 πόδας
1305 1760 1350 1812 ἓξ
1387 1756 1534 1817 ἤγουν
1572 1760 1617 1813 ἓξ
1648 1757 1816 1817 χώρας·
1855 1760 2028 1817 δέχεται
2059 1758 2110 1804 δὲ
2139 1760 2190 1805 ἐν
2220 1762 2275 1818 τῇ
2304 1757 2460 1818 πρώτῃ
2488 1759 2566 1805 καὶ
2594 1763 2723 1818 τρίτῃ

251 1831 328 1877 καὶ
367 1832 541 1887 πέμπτῃ
583 1828 706 1888 χώρᾳ
745 1831 990 1873 σπονδεῖον
1030 1825 1111 1873 τὸν
1152 1830 1199 1873 ἐκ
1240 1828 1325 1874 δύο
1365 1833 1550 1885 μακρῶν
1589 1834 1797 1886 κείμενον
1811 1831 1865 1885 ¹),
1903 1828 2118 1883 πολλάκις
2155 1829 2205 1874 δὲ
2235 1830 2310 1875 καὶ
2340 1833 2528 1887 ἴαμβον·
2559 1827 2643 1875 τὸν
2672 1830 2724 1876 δὲ

253 1905 420 1959 ἴαμβον
451 1901 501 1946 ἐν
530 1904 584 1958 τῇ
617 1899 804 1960 δευτέρᾳ
834 1898 910 1944 καὶ
940 1897 1128 1957 τετάρτῃ
1162 1899 1255 1956 [καὶ
1284 1900 1404 1958 ἕκτῃ]
1417 1900 1450 1956 2)
1482 1896 1565 1945 τὸν
1597 1901 1644 1946 ἐκ
1674 1903 1883 1958 βραχείας
1910 1899 1986 1945 καὶ
2012 1902 2184 1958 μακρᾶς
2204 1897 2345 1957 [πάνυ
2364 1895 2532 1958 ὡραῖος
2551 1903 2724 1958 mccc.

253 1968 276 2017 ὁ
311 1970 477 2028 στίχος]
490 1970 543 2025 3)·
574 1970 745 2027 δέχεται
777 1968 827 2013 δὲ
857 1968 933 2012 καὶ
962 1964 990 2026 ἡ
1022 1969 1125 2023 ἕκτη
1157 1967 1369 2021 πολλάκις
1397 1967 1480 2013 τὸν
1512 1974 1690 2026 ἴαμβον,
1720 1971 1796 2013 καὶ
1827 1972 2003 2014 ἐκείνου
2034 1966 2093 2027 μὴ
2125 1966 2409 2027 ὑπάρχοντος
2437 1972 2610 2028 δέχεται
2635 1968 2723 2016 τὸν

250 2045 493 2098 πυρρίχιον
523 2037 605 2085 τὸν
638 2042 685 2084 ἐκ
716 2040 800 2084 δύο
833 2041 1071 2096 βραχειῶν.

602 2115 643 2157 Ὁ
666 2118 710 2156 δὲ
736 2119 875 2167 ἴαμβος
898 2115 1021 2167 τομὰς
1046 2116 1119 2156 δύο
1147 2118 1358 2166 <ἔχει>·
1383 2122 1654 2168 πενθημιμερῆ
1679 2121 1745 2157 καὶ
1772 2118 2077 2168 ἕφθημιμερῆ4)·
2101 2121 2389 2169 πενθημιμερὲς
2412 2121 2456 2158 δέ
2482 2118 2602 2167 ἔστιν,
2626 2116 2722 2158 ὅταν

607 2174 859 2223 ἀπαρτίζηται
884 2179 1014 2223 νοῦςὸ)
1042 2177 1097 2219 εἰς
1120 2174 1193 2213 δύο
1219 2175 1344 2220 πόδας
1368 2179 1433 2214 καὶ
1457 2181 1551 2224 μιάν
1578 2176 1787 2226 συλλαβὴν·
1815 2178 2012 2222 <οἷον>
2591 2181 2595 2184 ’

778 2231 943 2282 Ἀτρείδη
968 2241 1095 2273 ποῖον.

608 2292 873 2341 ἕφθημιμερὲς
885 2294 912 2337 ⁶)
948 2292 993 2328 δέ
1026 2292 1196 2338 λέγεται,
1230 2289 1326 2330 ὅταν
1359 2292 1453 2340 μετὰ
1488 2293 1580 2336 τοὺς
1604 2299 1704 2341 τρεῖς
1727 2294 1853 2337 πόδας
1877 2292 2022 2343 εὑρεθῇ
2049 2294 2214 2343 συλλαβὴ
2240 2293 2503 2342 ἄπαρτίζουσα
2528 2297 2583 2339 εἰς
2606 2297 2723 2344 μέρος

605 2350 742 2397 λόγου·
769 2352 835 2388 καὶ
859 2351 1011 2396 λέγεται
1036 2349 1301 2399 ἕφθημιμερὲς
1311 2355 1356 2399 ⁶),
1384 2350 1516 2399 ἐπειδὴ
1542 2355 1617 2390 τῶν
1643 2350 1739 2390 ἔπτὰ
1763 2351 1805 2390 τὸ
1832 2349 1947 2401 ἥμισυ
1975 2352 2072 2401 ἔχει·
2097 2352 2184 2391 οἷον

779 2404 941 2457 Ἀτρείδη
964 2406 1083 2446 ποῖόν
1108 2421 1148 2448 σε
1177 2408 1278 2454 ἔπος.

428 2480 586 2536 Οὕτως
625 2481 741 2527 εἰσὶν
783 2482 831 2524 οἰ
856 2479 1039 2539 γνήσιοι
1072 2485 1247 2538 ἴαμβοι·
1281 2483 1323 2534 ἐξ,
1355 2479 1554 2539 ἀνάγκης
1585 2483 1635 2526 δὲ
1666 2482 1959 2539 στενούμενοι
1990 2484 2041 2525 ἐν
2071 2493 2165 2534 τοῖς
2196 2482 2419 2539 ὀνόμασιν
2458 2485 2722 2540 εἰσάγουσιν

248 2553 352 2602 ἀντὶ
383 2556 630 2599 σπονδείου
662 2551 903 2607 δάκτυλον,
935 2552 1010 2595 καὶ
1040 2548 1143 2595 άντὶ
1173 2556 1255 2596 τοῦ
1289 2551 1456 2609 ἰάμβου
1487 2563 1668 2609 χορεῖον
1698 2554 1772 2598 καὶ
1804 2549 2098 2599 ἀνάπαιστον.

427 2672 456 2716 ¹)
480 2669 547 2705 καὶ
572 2665 701 2714 μόνων
727 2668 765 2704 C.
818 2669 844 2711 ²)
870 2667 937 2702 καὶ
963 2645 1041 2711 ng,
1067 2668 1163 2713 quod
1190 2668 1220 2703 G
1242 2668 1362 2713 habet,
1386 2669 1549 2713 ineptum
1574 2674 1639 2714 est,
1665 2670 1835 2714 quoniam
1858 2680 1942 2704 mox
1967 2669 2013 2704 de
2037 2673 2140 2704 sexta
2164 2669 2248 2705 sede
2274 2670 2383 2705 verba
2408 2670 2510 2706 fiunt.
2558 2671 2587 2716 ⁸)
2613 2671 2724 2708 verba

247 2730 389 2767 uncinis
420 2733 547 2773 saepta
579 2726 772 2763 resecanda
806 2736 883 2763 esse
916 2731 1027 2772 patet.
1078 2726 1246 2763 Ceterum
1278 2726 1444 2763 videntur
1478 2732 1515 2762 et
1549 2726 1615 2761 καὶ
1650 2725 1738 2773 ἕκτῃ
1772 2726 1884 2762 verba
1918 2731 1955 2762 et
1987 2722 2092 2762 πάνυ
2119 2754 2127 2762 .
2146 2754 2153 2762 .
2172 2753 2181 2762 .
2199 2754 2207 2762 .
2233 2727 2358 2773 στίχος
2391 2736 2435 2763 ex
2468 2728 2539 2765 alio
2566 2728 2722 2775 quodam

247 2792 407 2826 tractatu
440 2787 485 2823 de
517 2784 637 2822 iambo
669 2785 786 2832 petita
819 2795 914 2831 esse3
948 2785 1077 2831 verba,
1110 2795 1205 2831 quae
1237 2785 1417 2831 posterius
1441 2786 1618 2831 glossema
1642 2788 1804 2831 proxime
1830 2785 2070 2831 praecedunt,
2104 2782 2173 2821 τὸν
2198 2782 2241 2821 ἐκ
2267 2786 2447 2832 Βραχείας
2470 2786 2537 2822 καὶ
2556 2788 2723 2834 μακρᾶς,

245 2847 368 2893 aptius
400 2850 486 2892 post
519 2840 588 2879 τὸν
621 2842 664 2878 δὲ
702 2845 843 2889 ἴαμβον
876 2844 1045 2879 collocari
1079 2850 1241 2888 apparet.
1298 2844 1327 2888 ⁴)
1363 2840 1602 2888 ἐφθιμιμερῆ
1638 2844 1676 2879 C'.
1735 2844 1763 2887 ⁵)
1799 2844 1843 2879 de
1868 2844 1963 2883 νοῦς
1988 2855 2073 2880 voce
2098 2844 2221 2880 confer
2245 2844 2337 2880 Mar.
2364 2844 2591 2881 Victorinum
2614 2845 2722 2883 lib..1

246 2904 312 2950 (VI
335 2905 394 2950 65,
397 2906 420 2942 9
443 2904 500 2940 ed.
525 2902 634 2949 Keil)
648 2903 697 2948 ¹):
730 2896 948 2938 Secundam
979 2901 1187 2939 divisionem
1217 2902 1553 2948 hephthemimeren
1579 2902 1706 2938 Graeci
1740 2901 1928 2947 dixerunt,
1965 2911 2060 2947 quae
2090 2901 2211 2938 tribus
2243 2901 2396 2948 pedibus
2427 2903 2578 2940 emensis
2611 2903 2722 2941 adicit

247 2961 424 3011 syllabam
445 2959 673 3008 completque
688 2970 832 2996 sensum
849 2969 1074 3005 quacumque
1090 2960 1262 2995 orationis
1279 2954 1469 3005 particula’
1487 2960 1547 3005 (cf
1562 2961 1671 2994 etiam
1687 2962 1744 3005 65,
1764 2961 1838 3004 14);
1857 2960 1908 2993 VI
1926 2962 1983 3004 65,
1986 2954 2061 2994 21⁸
2139 2962 2223 2995 .bes
2239 2965 2358 2995 autem
2373 2960 2513 3005 syllaba
2528 2966 2565 2997 et
2580 2972 2725 2997 sensum

245 3022 447 3066 superioris
472 3019 544 3055 coli
568 3019 745 3063 integrat,
769 3024 810 3054 ut
834 3019 900 3054 fiat
924 3018 1268 3063 hephthemimeres‚
1293 3023 1328 3053 et
1352 3017 1532 3063 sequentis
1556 3017 1658 3063 pedis
1683 3017 1823 3054 initium
1847 3010 2005 3062 inducit’‚
2031 2987 2100 3054 ει..
2092 3029 2127 3063 p.
2152 3019 2210 3063 65,
2212 3018 2258 3054 33
2282 3017 2458 3063 (praefixo
2484 3028 2587 3057 versu

942 3088 1062 3124 Arma
1085 3088 1275 3133 virumque
1300 3096 1409 3131 cano,
1440 3086 1571 3123 Troiae
1595 3087 1660 3133 qui
1678 3087 1827 3133 primus
1851 3087 1897 3123 ab
1923 3086 2032 3132 oris):

240 3151 350 3196 ‘Nam
376 3160 436 3195 iae
461 3160 536 3205 qui,
561 3168 626 3204 pes
650 3158 688 3193 in
713 3168 819 3193 versu
844 3162 1007 3203 quartus,
1032 3167 1111 3193 eam
1136 3157 1344 3192 divisionem
1369 3156 1538 3201 explicat,
1564 3167 1670 3201 quam
1688 3156 1874 3193 bucolicen
1890 3157 2009 3192 vocari
2026 3156 2163 3193 dictum
2178 3163 2243 3201 est,
2268 3157 2336 3195 sub
2345 3168 2425 3204 'qua
2438 3162 2721 3205 <quattuor>

244 3218 380 3265 pedum
401 3218 644 3264 ‘percussione
673 3225 802 3253 sensus
834 3215 1016 3262 impletur.
1077 3214 1104 3259 ⁶)
1141 3210 1480 3261 ἒφθημιμερὲς’0;
1514 3219 1672 3251 ceterum
1704 3210 1746 3250 τὸ
1782 3210 2049 3261 ἓφθημιμερὲς
2079 3211 2181 3252 ει·τό
2201 3214 2493 3263 ’πενθημιμερὶς
2516 3216 2720 3264 siguificare

427 3346 453 3389 ¹)
479 3346 521 3381 In
542 3343 745 3382 indicandis
768 3346 1082 3391 grmmaticerum
1107 3345 1302 3381 latinorum
1326 3344 1414 3381 locis
1438 3342 1547 3379 Keilii
1569 3343 1725 3378 editione
1748 3342 1884 3387 ubique
1907 3351 1996 3379 usus
2018 3354 2108 3379 sum.

2778 0 2871 32 »ιγ
2892 0 2915 18 τ
