2915 3831
1429 229 1482 269 30

1218 412 1603 481 Epimetrum
1634 414 1683 471 I.

376 552 465 610 ¹De
496 552 705 604 versibus,
736 552 809 606 qui
841 557 1012 597 exstant
1042 554 1087 597 in
1118 554 1317 611 Aeschyli
1348 554 1465 611 Sept.
1497 569 1532 599 c.
1564 555 1698 601 Theb.
1732 568 1795 601 vs.
1832 559 2061 602 961-966
2094 555 2178 611 (ed.
2209 556 2260 600 V.
2292 555 2454 611 Dina).

391 645 569 700 Legitur
598 645 643 688 in
674 644 883 700 Aeschylo
915 646 997 698 (ed.
1030 646 1250 701 DindorO:
1813 651 1857 693 in
1888 649 2030 693 codice
2059 648 2370 693 Laurentiano:

392 716 733 758 ΑΝΤῙῙὊΝΗ
1505 717 1631 795 ἸσμΗ
1649 741 1864 786 παισθεὶσ
1894 740 2103 787 ἐπαισασ·
2133 765 2192 773 --
2224 735 2324 786 σὺὸ’
2355 737 2544 785 ἐ’θανεσ

216 784 341 839 (961)
391 782 599 836 παισθεὶς
630 785 825 837 ἔπαισας.
2361 805 2675 853 κατακτανών.

392 855 667 936 IZleNJJI
1119 922 1129 936 Ι
1568 903 1626 911 -
1658 876 1804 935 60926’
1837 883 2038 924 ἔκτανεσ·
2141 902 2192 910 -
2226 874 2370 933 60026'
2402 857 2587 923 ἔθανεσ·

513 936 570 967 συ
604 926 631 967 ὃ
677 927 838 976 ἔθανες
868 942 1173 970 κατακτανὼν.
1509 974 1566 982 —
1598 948 1898 1006 μελεόπονοσ.
2133 974 2189 981 -,
2221 945 2602 1006 μελε-οπαθήσ.

216 995 342 1049 (962)
394 997 498 1038 AN.
533 993 636 1049 δορὶ
669 989 706 1038 6'
740 996 905 1047 ἔκανες.
1512 1044 1565 1051 —
1599 1024 1676 1064 ἴτω
1707 1017 1821 1077 76⁰⁶
2134 1043 2185 1049 -
2222 1024 2300 1062 ἴτω
2332 1016 2530 1080 δάκρυα,

392 1066 473 1108 ΙΣ.
891 1064 993 1122 δορὶ
1025 1061 1063 1109 δ’
1097 1068 1267 1117 ἔθανες.

648 1132 659 1146 ,
1511 1114 1566 1120 -
1597 1104 1683 1144 προ
1745 1092 1937 1133 κείσεται
1967 1086 2213 1133 κατακτάσ·
2243 1084 2298 1144 ἠέ
2323 1084 2378 1145 ἠέ

217 1134 341 1189 (963)
392 1137 497 1176 AN.
529 1137 813 1189 μελεοπονος.

1181 1204 1191 1218 Ι
1656 1162 1862 1213 μαίνεται
1893 1157 2041 1214 γόοισι
2073 1154 2215 1214 φρὴν·
2242 1163 2328 1203 etc.

932 1211 1227 1262 μελεοπαθης.

215 1274 338 1328 (964)
392 1277 495 1317 ΑΝ.
530 1279 608 1317 ἴτω
639 1272 759 1329 γόος.
792 1278 872 1317 ΙΣ.
907 1280 984 1318 ἴτω
1018 1273 1176 1331 δάκρυ.

216 1342 339 1398 (965)
391 1346 493 1386 ΑΝ.
526 1340 761 1398 πρόκεισαι
791 1346 871 1388 ΙΣ.
905 1342 1133 1396 κατακτάς.

215 1413 339 1467 (966)
389 1415 493 1456 ΑΝ.
528 1409 575 1468 ἐὴ
609 1408 673 1470 ἐὴ,
705 1415 907 1469 μαίνεται
939 1411 1088 1470 γόοισι
1120 1412 1255 1471 φρήν.

392 1495 506 1538 Huic
548 1495 640 1539 loco
683 1496 949 1540 emendando
994 1497 1076 1540 etsi
1119 1498 1349 1541 maximam
1388 1509 1559 1552 operam
1599 1496 1811 1540 dederunt
1849 1496 2059 1550 editores,
2103 1498 2272 1540 tantum
2301 1493 2443 1550 abest,
2486 1498 2536 1540 ut
2564 1495 2676 1541 idem

215 1565 473 1617 censuerint,
506 1569 555 1609 ut
585 1565 630 1608 in
661 1565 976 1609 diversissimas
1008 1566 1196 1611 abierint
1227 1567 1460 1622 opiniones.

392 1635 460 1678 Ad
490 1647 661 1679 versum
694 1638 775 1679 961
819 1635 997 1679 adnotat
1027 1636 1239 1680 Henricus
1270 1637 1381 1679 Weil
1422 1635 1485 1690 (in
1516 1635 1615 1679 edit.
1648 1634 1884 1691 Aeschyl.):
1922 1629 2140 1690 ‘Sequitur
2170 1634 2308 1678 altera
2336 1635 2532 1690 planctus
2562 1648 2675 1692 pars,

216 1716 387 1748 carmen
428 1706 736 1757 amoebaeum,
780 1706 892 1760 quod
923 1711 1094 1749 constat
1123 1708 1302 1760 proodo‚
1345 1707 1524 1761 stropha
1554 1705 1683 1760 (addo
1710 1700 2036 1761 ‘antistropha')
2075 1705 2224 1761 epodo,
2286 1704 2497 1750 Carminis
2528 1719 2580 1751 ea
2609 1707 2678 1752 lex

217 1778 296 1827 est,
327 1778 377 1818 ut
405 1788 481 1829 per
512 1774 705 1819 alternas
725 1774 840 1819 vices
870 1787 1038 1820 sorores
1068 1788 1216 1821 versus
1248 1780 1361 1821 totos
1392 1775 1642 1821 dimidiosve
1673 1779 1832 1820 canant
1863 1775 2081 1820 sententia
2111 1775 2285 1829 similes,
2317 1787 2516 1819 mensura
2535 1788 2674 1831 pares.

215 1843 439 1900 Perspexit
478 1844 559 1889 hoc
598 1844 896 1898 Hermannus,
941 1858 1080 1900 neque
1117 1850 1262 1889 tamen
1303 1838 1509 1899 debebat,
1540 1847 1681 1889 verbis
1712 1846 1894 1899 abusus,
1938 1846 2145 1900 proodum
2176 1850 2222 1889 et
2253 1845 2433 1900 epodum
2464 1847 2509 1890 in
2538 1847 2676 1891 minu-

215 1915 407 1958 tissimas
438 1915 638 1969 strophas
669 1916 1052 1969 antistrophasque
1084 1916 1338 1970 discerpere.
1399 1916 1466 1959 Ab
1497 1916 1571 1959 illa
1601 1915 1695 1969 lege
1726 1916 1900 1970 paulum
1940 1914 2119 1960 discedit
2158 1914 2307 1971 proodi
2344 1914 2535 1960 initium:
2575 1927 2675 1960 nam

215 1985 401 2029 trimetri
433 1985 524 2029 cola
555 1986 671 2030 inter
703 1997 749 2029 se
779 1984 1025 2040 partiuntur
1057 1998 1238 2040 sorores,
1271 1998 1380 2042 quae
1412 1986 1466 2029 ad
1497 1986 1700 2030 maiorem
1723 1985 2027 2040 aequalitatem
2047 1997 2248 2030 revocare
2268 1985 2429 2029 frustra
2449 1985 2676 2029 tentabant

216 2055 465 2098 Lachmann
498 2056 667 2110 aliique.
732 2055 929 2100 Ceterum
971 2061 1088 2100 recte
1129 2056 1313 2100 editores
1345 2056 1606 2110 Antigonae,
1639 2061 1681 2099 et
1713 2060 1819 2100 natu
1849 2060 1892 2100 et
1922 2056 2093 2110 ingenio
2125 2055 2301 2109 maiori,
2340 2055 2499 2110 primas
2529 2059 2674 2111 partes

216 2127 436 2178 dederunt,
469 2127 660 2170 Ismenae
692 2126 912 2179 secundas,
946 2139 1205 2181 quamquam
1236 2127 1279 2169 in
1311 2126 1431 2169 libris
1464 2126 1567 2170 haec
1597 2127 1815 2181 planctum
1846 2120 2010 2181 praeit.’

398 2195 565 2239 Revera
604 2209 730 2239 versu
763 2199 842 2238 961
883 2196 1014 2238 totius
1056 2196 1205 2249 proodi
1237 2198 1315 2249 (vs.
1350 2194 1604 2250 961—965)
1646 2196 1883 2251 aequalitas
1896 2195 1929 2249 ¹)
1961 2196 2264 2250 corrumpitur;
2296 2207 2432 2249 neque
2462 2195 2674 2240 immerito

211 2277 307 2308 eum
340 2266 567 2308 emendare
599 2267 840 2321 temptabat
872 2267 1198 2315 Lachmannus3
1233 2266 1403 2318 scripsit
1435 2266 1573 2309 enim:

1087 2350 1189 2389 AN.
1252 2347 1459 2397 παισθεὶς
1490 2349 1683 2396 ἔπαισας.

1079 2420 1160 2460 ΙΣ.
1356 2419 1518 2467 ἔθανες
1548 2413 1817 2467 natam-029²)

384 2497 466 2540 Sed
490 2499 718 2541 contendat
749 2499 848 2541 licet
880 2499 1061 2542 alteram
1092 2504 1260 2553 partem
1291 2501 1424 2553 priori
1457 2499 1609 2542 debere
1640 2511 1786 2552 parem
1818 2510 1924 2551 esse,
1958 2497 2069 2541 hanc
2099 2498 2435 2542 emendationem
2464 2498 2673 2542 incertam

205 2581 299 2611 esse
315 2569 407 2622 ipse
424 2568 662 2613 confitetur.
694 2570 950 2613 Emendatio
967 2575 1110 2614 autem
1126 2584 1190 2623 ea,
1214 2583 1342 2625 quam
1359 2569 1403 2613 in
1425 2569 1619 2624 quintam
1640 2571 1865 2623 poetarum
1887 2568 2149 2612 scenicorum
2162 2567 2424 2612 Graecorum
2444 2568 2673 2612 editionem

207 2638 367 2694 recepit
400 2637 636 2685 Guilelmus
668 2639 872 2695 Dindorf,
905 2637 1046 2693 θάνες
1076 2638 1293 2693 κατακτάς
1324 2640 1394 2693 (ef.
1428 2640 1569 2682 Lexic.
1602 2639 1796 2694 Aeschyl.
1836 2650 1867 2680 s.
1902 2651 1940 2681 v.
1972 2635 2159 2693 θνήσκω
2192 2645 2236 2683 et
2266 2638 2555 2693 κατακτείνω)
2586 2652 2671 2683 non

205 2709 302 2764 plus
324 2709 456 2753 habet
487 2711 770 2763 auctoritatis,
803 2724 931 2766 quam
963 2712 1226 2753 Lachmanni
1258 2717 1299 2754 et
1330 2712 1599 2764 Westphalii‚
1632 2712 1703 2764 qui
1731 2711 1774 2752 in
1804 2708 2113 2764 prolegomenis
2135 2708 2189 2753 ad
2211 2708 2408 2764 Aeschyli
2430 2708 2672 2765 tragoedias

206 2793 245 2834 p.
283 2785 365 2822 144
396 2769 640 2834 proposuit:

808 2859 978 2910 <σύ>
1009 2862 1218 2923 παισθεὶς
1248 2866 1454 2914 ἔπαισας·
1489 2856 1545 2906 σὺ
1578 2856 1615 2906 δ’
1651 2863 1810 2912 ἔθανες
1841 2858 2071 2912 κατακτάς.

385 2941 569 2987 Omnino
601 2943 644 2986 in
676 2942 756 2988 hoc
786 2945 1080 2990 emendatores
1111 2946 1309 2990 videntur
1346 2956 1524 2998 errasse,
1557 2944 1668 2999 quod
1700 2939 1993 2985 κατακτανών
2024 2943 2195 2997 quidem
2227 2948 2344 2986 recte
2379 2945 2423 2986 in
2453 2940 2672 2993 κατακτάς

205 3014 391 3067 mutari,
436 3015 598 3064 ἔθανες
640 3017 783 3058 autem
824 3016 1036 3059 intactum
1076 3017 1215 3061 iacere
1248 3018 1484 3061 voluerunt.
1547 3016 1693 3071 Neque
1731 3019 1877 3057 tamen
1907 3014 2163 3057 vocabulum
2193 3010 2435 3067 κατακτάς,
2477 3014 2514 3057 si
2543 3012 2670 3057 metri

205 3083 485 3138 aequalitatis
518 3085 729 3127 rationem
762 3086 989 3137 habemus,
1034 3085 1149 3130 aliud
1180 3088 1224 3130 in
1255 3086 1454 3142 Aeschyli
1487 3086 1718 3141 archetypo
1749 3085 2003 3137 vocabulum
2034 3086 2317 3139 praecessisse
2347 3088 2508 3138 potest,
2540 3095 2670 3139 quam

204 3156 318 3209 quod
339 3168 390 3198 ex
412 3156 579 3200 duabus
612 3161 831 3201 constaret
862 3156 1039 3212 syllabis
1070 3157 1222 3213 longis.
1286 3155 1393 3200 Nam
1426 3159 1475 3201 ut
1505 3152 1723 3207 κατακτάς
1753 3166 1981 3200 mensurae
2010 3154 2206 3199 vocabuli
2227 3155 2408 3205 ἔπαισας
2427 3152 2668 3208 respondet,

206 3225 270 3269 ita
301 3229 402 3270 ante
434 3222 654 3278 κατακτάς
684 3225 939 3272 vocabulum
971 3226 1315 3272 substituendum
1347 3232 1425 3281 est,
1457 3228 1524 3270 cui
1555 3227 1813 3282 respondeat
1843 3227 2063 3276 παισθείς.
2126 3223 2310 3267 Difficile
2341 3236 2443 3269 sane
2469 3225 2601 3269 estin
2621 3236 2669 3268 re

384 3389 417 3436 ¹)
443 3388 487 3425 cf.
513 3389 558 3423 H.
585 3389 629 3424 K.
655 3390 692 3423 in
713 3384 860 3423 ‘Philoh
887 3384 1086 3433 Anzeiger’,
1112 3389 1163 3423 VI
1190 3390 1236 3423 83
1260 3399 1312 3432 sq.

383 3449 419 3490 ²)
445 3449 488 3482 cf.
517 3449 554 3486 C.
580 3449 802 3492 Lachmann,
827 3448 871 3484 de
897 3447 1052 3484 choricis
1078 3445 1279 3495 systematis
1303 3444 1523 3492 tragicorum
1546 3455 1580 3492 p.
1606 3445 1663 3483 94.
