2915 3831
1429 111 1482 176 ιθ

270 301 275 308 -
406 277 491 324 Sed
519 276 684 321 accedit
712 260 829 320 aliud
858 277 902 318 et
930 264 1062 328 grave
1090 276 1370 328 momentum
1401 275 1570 319 constat
1598 271 1712 318 enim
1735 269 2005 328 WestphaIio
2034 268 2195 315 Metrik
2221 269 2261 317 (1.
2285 267 2360 314 Gr.
2382 264 2425 313 1²
2455 269 2539 312 213
2575 258 2687 312 teste

231 333 485 404 Diomedem
514 345 557 392 ei
584 344 702 391 tertii
733 342 832 391 libri
859 342 989 399 parti,
1019 341 1065 387 in
1093 354 1178 398 qua
1208 354 1303 387 cum
1333 342 1517 387 secundo
1536 342 1665 387 Marii
1685 342 1893 386 Victorini
1921 341 2031 384 libro
2061 341 2300 384 consentiat
2330 340 2390 395 (p.
2423 337 2687 391 500—506),

226 408 468 464 tractatum
497 416 551 460 de
577 427 708 460 versu
735 414 906 457 heroico
935 414 1038 467 (quo
1068 412 1195 466 haec,
1226 412 1279 456 de
1307 424 1394 467 qua
1423 413 1576 466 agitur,
1608 424 1881 455 caesurarum
1910 411 2119 466 particula
2149 409 2411 462 continetur)
2440 406 2688 464 praefixisse

233 484 505 542 (494-500)
519 519 530 539 ,
568 492 696 540 quem
734 482 891 539 partim
931 480 1004 536 (de
1040 481 1226 525 caesuris
1261 484 1305 525 et
1341 480 1394 525 de
1431 480 1548 526 vitiis
1578 480 1795 534 versuum)
1827 480 1940 536 apud
1970 479 2154 524 Marium
2185 478 2451 525 Victorinum
2481 491 2522 534 p.
2556 479 2626 531 64,
2630 479 2682 522 31

234 568 326 612 sqq.
357 559 402 599 et
429 569 471 611 p.
503 556 630 608 67‚12
662 565 755 608 sqq.
785 551 849 596 ita
878 551 1160 605 reperiamus,
1196 555 1245 594 ut
1275 551 1327 595 de
1357 552 1566 596 communi
1597 551 1818 605 utriusque
1847 550 1966 595 fonte
1995 562 2081 594 non
2113 550 2170 594 sit
2195 561 2270 595 cur
2293 549 2531 603 dubitetur;
2575 546 2687 590 hanc

234 628 379 673 autem
403 622 621 672 Diomedis
650 621 893 677 congeriem
921 622 1093 664 constat
1122 618 1179 664 ad
1206 631 1303 664 eum
1331 618 1493 665 fontem
1521 618 1786 666 referendam
1816 632 1920 674 esse,
1951 619 2064 662 unde
2089 619 2244 662 hausta
2268 620 2325 663 sit
2349 618 2686 676 Byzantinorum

233 695 288 738 de
327 691 495 737 πάθεσι
536 687 628 734 κατ’
667 691 846 733 ἔνδειαν
885 690 1079 732 materia.
1139 687 1409 742 Quapropter
1449 702 1543 732 cum
1584 693 1753 732 veteres
1792 702 2067 732 caesurarum
2108 689 2435 743 explicationem
2471 688 2524 732 de
2559 699 2686 730 versu

232 764 405 810 heroico
436 761 643 806 tractatui
673 761 860 802 inserere
891 757 1006 802 soliti
1037 756 1137 810 sint,
1167 757 1220 801 de
1249 753 1444 802 πάθεσιν
1473 763 1616 803 autem
1646 752 1738 802 κατ’
1761 758 1940 802 ἔνδειαν
1968 756 2174 813 quidquid
2196 758 2309 813 apud
2329 757 2594 814 Byzantinos
2613 768 2685 801 ex·

234 837 347 887 stat,
378 814 429 876 id'
451 841 601 876 versus
629 827 789 873 heroici
816 826 1035 883 proprium
1066 827 1142 881 sit,
1171 826 1275 882 quid
1304 827 1471 872 videtur
1499 829 1675 883 certiuS‚
1706 840 1855 884 quam,
1887 828 1998 872 unde
2028 828 2245 872 Diomedis
2276 828 2327 872 de
2356 840 2485 873 versu
2514 826 2685 871 heroico

232 905 445 949 tractatus
485 902 679 955 sumptus
719 898 800 952 sit,
840 896 1032 944 indidem
1067 900 1281 951 sumptam
1310 908 1401 941 esse
1432 909 1705 942 caesurarum
1736 899 1986 941 materiam?
2046 898 2157 950 Quid
2187 897 2339 942 deinde
2370 899 2457 942 veri
2490 897 2682 952 similius,

233 986 362 1029 quam
390 982 636 1026 supremum
671 968 863 1011 eiusdem
897 967 1133 1020 particulae
1162 965 1389 1010 Chisianae
1424 966 1584 1011 fontem
1615 980 1700 1011 non
1731 967 1861 1011 alium
1891 966 2024 1011 fuisse
2054 972 2182 1023 atque
2214 967 2451 1022 DiomediS‚
2490 967 2603 1013 unde
2632 981 2685 1013 ea

233 1042 360 1087 facile
396 1041 442 1086 in
482 1038 645 1083 scholia
673 1036 730 1080 B¹
760 1035 1107 1091 Hephaestionea
1145 1038 1189 1078 et
1218 1035 1415 1091 deinceps
1445 1036 1487 1078 in
1518 1036 1704 1081 codicem
1736 1035 1985 1080 chisianum
2013 1037 2265 1080 transscribi
2295 1038 2463 1092 potuit?

409 1121 613 1166 Ceterum
648 1114 833 1173 τετάρτη
864 1112 1075 1173 τροχαεκή
1107 1116 1350 1161 auctoritati
1381 1121 1618 1161 ceterarum
1648 1129 1923 1162 caesurarum
1952 1129 2028 1172 per
2058 1118 2201 1161 omnia
2231 1123 2423 1173 tempora
2454 1120 2684 1174 posthabe-

233 1194 382 1247 batur3
410 1196 456 1240 et
484 1194 861 1247 quantumcunque
891 1187 1056 1230 metrici
1085 1188 1198 1230 inter
1227 1199 1272 1229 se
1303 1188 1589 1241 consentiunt,
1626 1187 1754 1240 hanc,
1791 1191 1842 1230 ut
1871 1187 2021 1241 cuique
2050 1188 2189 1230 visum
2219 1192 2298 1241 est,
2330 1193 2406 1232 aut
2434 1190 2683 1244 praetermi-

232 1265 383 1308 serunt
412 1265 487 1305 aut
516 1260 638 1316 quasi
668 1257 911 1313 appendicis
943 1257 1035 1300 loco
1064 1257 1312 1309 attulerunt,
1344 1260 1394 1299 ut
1423 1257 1647 1301 Diomedes
1677 1256 1717 1311 (I
1748 1255 1918 1311 498‚4):
1945 1251 2073 1300 ‘Sunt
2100 1258 2175 1311 qui
2204 1263 2405 1311 quartum
2435 1259 2684 1304 trochaeum

232 1334 279 1378 in
298 1333 381 1377 hac
404 1343 582 1375 caesura
605 1329 826 1382 collocant,
852 1331 896 1373 et
919 1340 971 1371 ex
994 1340 1047 1372 eo
1068 1321 1179 1371 κατὰ
1198 1324 1408 1388 τέταρτον
1427 1334 1638 1384 τροχαῖον
1658 1327 1888 1383 appellant.
1990 1321 2013 1370 .’
2037 1330 2081 1372 et
2100 1327 2208 1371 Mar.
2223 1327 2428 1373 Victorin.
2446 1327 2507 1373 VI
2533 1332 2681 1385 65,23:

228 1396 411 1447 ‘Eodem
440 1398 565 1444 modo
596 1402 642 1444 et
669 1400 848 1453 quartus
877 1397 1101 1442 trochaeus
1131 1397 1372 1451 accipietur,
1403 1398 1475 1452 qui
1504 1410 1602 1442 raro
1632 1397 1858 1441 admodum
1889 1398 2138 1453 reperietur.
2158 1431 2168 1440 .
2187 1430 2197 1440 .
2215 1393 2237 1439 .’

407 1481 592 1526 Omnino
626 1483 770 1522 autem
807 1480 953 1522 eadem
993 1458 1168 1522 omissa·
1187 1482 1254 1522 est
1287 1483 1331 1522 et
1366 1479 1410 1522 in
1441 1478 1464 1533 ἓ
1496 1483 1520 1523 9
1552 1484 1596 1523 et
1626 1480 1669 1522 in
1700 1480 1773 1522 illo
1804 1479 2008 1532 frustulo,
2052 1480 2163 1534 quod
2193 1480 2434 1523 cuiuscuius
2466 1486 2552 1535 est,
2591 1483 2683 1526 iure

231 1551 444 1607 suspicari
479 1550 584 1594 mihi
613 1549 760 1594 videor
788 1549 887 1593 inde
918 1548 1124 1604 originem
1155 1547 1406 1604 sumpsisse,
1446 1549 1558 1593 unde
1587 1549 1881 1605 depromptum
1913 1549 1970 1593 sit
1999 1549 2201 1605 quidquid
2232 1550 2460 1606 Byzantini
2491 1563 2542 1607 ex
2571 1553 2684 1596 anti-

233 1622 380 1677 quiore
409 1621 462 1665 de
491 1619 680 1665 caesuris
711 1619 905 1662 doctrina
936 1619 1017 1661 sibi
1046 1618 1371 1671 vindicaverint3
1402 1618 1505 1661 illud
1533 1620 1626 1662 dico
1655 1618 1895 1671 frustulum,
1926 1620 2037 1672 quod
2058 1632 2108 1662 ex
2130 1620 2272 1663 codice
2294 1620 2679 1675 Guelpherbytano‚

232 1692 277 1736 in
307 1704 390 1747 quo
419 1690 636 1746 praecedit
666 1689 718 1734 de
747 1689 933 1734 caesuris
963 1702 1156 1732 versuum
1176 1692 1221 1731 et
1239 1688 1430 1743 proxime
1451 1689 1641 1743 sequitur
1662 1689 1714 1732 de
1734 1689 1878 1732 metris
1897 1688 2131 1744 disputatio
2142 1688 2190 1744 ¹),
2222 1694 2392 1734 erutum
2412 1689 2680 1737 Gaisfordius

234 1762 459 1817 descripsit
488 1762 532 1804 in
562 1760 751 1805 metricis
780 1759 925 1804 latinis
954 1772 993 1815 p.
1019 1762 1116 1812 580,
1147 1759 1219 1802 ubi
1250 1759 1311 1803 sic
1340 1759 1516 1814 legitur:

402 1837 415 1855 ‘
428 1841 642 1887 Caesurae
685 1855 885 1886 versuum
926 1845 1024 1885 sunt
1065 1845 1286 1895 quattuor,
1332 1841 1376 1884 id
1418 1845 1485 1885 est
1524 1841 1879 1896 penthemimeres
1894 1877 1905 1895 ,
1950 1842 2681 1899 <h>ep<h>t<h>emimeres,

233 1913 472 1961 t<r>itos
514 1913 759 1967 trochaeos,
802 1915 962 1957 tetarte
1007 1911 1238 1955 bucolicon.
1307 1911 1668 1956 Penthemimeres
1710 1924 1886 1956 caesura
1926 1911 1997 1966 fit,
2037 1914 2231 1967 quotiens
2270 1919 2368 1968 post
2406 1915 2512 1959 duos
2551 1915 2681 1971 pedes

234 1983 400 2039 syllaba
429 1996 654 2027 remanens
685 1986 852 2039 partem
881 1982 1087 2026 terminat
1116 1981 1333 2025 orationis,
1385 1981 1783 2036 Hephthemimeres
1814 1974 1990 2026 caesura
2018 1982 2080 2036 fit,
2111 1984 2306 2037 quotiens
2328 1989 2425 2039 post
2441 1992 2533 2029 tres
2553 1986 2680 2041 pedes

232 2064 457 2096 remanens
488 2053 654 2108 syllaba
683 2052 889 2096 orationis
919 2055 1098 2114 partem*
1115 2051 1381 2094 determinat.
1432 2051 1573 2095 Tritos
1605 2053 1827 2096 trochaeos
1857 2051 1918 2105 fit,
1950 2053 2146 2107 quotiens
2176 2054 2219 2096 in
2239 2055 2370 2097 tertia
2388 2056 2562 2109 regione
2581 2068 2681 2111 pars

234 2123 439 2167 orationis
469 2121 616 2166 finitur
646 2135 743 2167 cum
771 2119 1026 2174 trochae02).
1079 2121 1252 2165 Tetarte
1282 2121 1500 2165 bucolicon
1529 2119 1592 2174 fit,
1625 2133 1720 2165 cum
1750 2122 1794 2164 in
1825 2126 1982 2175 quarta
2012 2123 2186 2177 regione
2217 2136 2318 2178 pars
2350 2125 2557 2169 orationis
2587 2138 2682 2169 cum

234 2192 320 2237 fine
350 2203 500 2237 sensus
530 2193 700 2249 dactylo
730 2193 1003 2245 terminatur,
1035 2191 1102 2235 his
1133 2191 1354 2246 exemplis:

826 2284 958 2336 Nate,
989 2295 1108 2326 meae
1138 2284 1265 2336 vires,
1298 2295 1391 2326 mea
1420 2296 1578 2338 magna
1610 2287 1802 2339 potentia
1832 2288 1948 2330 solus

827 2361 1067 2415 Degeneres
1098 2361 1259 2404 animos
1290 2361 1417 2404 timor
1447 2362 1603 2415 arguit.
1665 2362 1761 2406 Heu
1791 2363 1945 2416 quibus
1975 2364 2046 2408 ille
2055 2362 2089 2417 3)

409 2456 494 2501 Sed
524 2469 576 2500 ex
606 2456 673 2499 his
703 2458 907 2510 quattuor
938 2453 1165 2507 caesuris&
1195 2454 1304 2497 duae
1333 2455 1495 2509 primae
1527 2454 1581 2498 ad
1612 2454 1746 2509 legem
1778 2456 2114 2501 scandendorum
2146 2470 2346 2502 versuum
2377 2464 2476 2503 sunt
2505 2459 2683 2514 dicatae,

232 2530 398 2573 ceterae
428 2537 530 2570 vero
560 2525 668 2569 duae
697 2519 963 2579 posterorum
993 2522 1280 2567 technicorum
1312 2527 1411 2566 sunt
1441 2519 1648 2567 omissae?

411 2640 439 2683 ¹)
474 2639 671 2685 Vtramque
704 2639 797 2675 hanc
830 2638 1105 2684 disputationem
1134 2637 1337 2683 intellegere
1371 2638 1438 2674 sibi
1467 2639 1605 2674 videtur
1631 2639 1856 2676 Gaisfordius
1887 2641 1979 2676 nihil
2003 2641 2100 2676 aliud
2126 2653 2201 2678 esse
2225 2653 2332 2687 quam
2356 2643 2506 2679 studiosi
2529 2644 2681 2681 hominis

231 2698 450 2736 collectanea
474 2708 519 2734 ex
542 2696 676 2733 eisdem
700 2696 934 2742 scriptoribus
959 2700 1137 2741 congesta,
1166 2705 1209 2730 ex
1233 2706 1386 2740 quorum
1410 2696 1576 2741 operibus
1602 2697 1760 2733 Isidorus
1777 2698 2001 2743 Hispalensis
2024 2699 2136 2735 libros
2161 2701 2338 2745 originum
2364 2702 2685 2739 conscribillaverit

232 2757 298 2804 (cf.
321 2769 356 2804 p.
374 2756 469 2803 577).
508 2756 578 2794 Sed
603 2757 640 2794 in
664 2767 734 2794 uno
760 2754 1075 2803 Guelpherbytano
1100 2753 1321 2791 interiectum
1345 2764 1423 2791 esse
1447 2754 1541 2790 hunc
1564 2764 1732 2800 pannum.
1783 2756 1810 2799 ²)
1837 2756 2004 2792 trochaeo
2029 2762 2125 2793 recte
2150 2757 2222 2794 Iac.
2241 2758 2340 2794 Frid.
2357 2758 2578 2806 Heusinger3
2603 2760 2679 2797 cod.

233 2815 387 2862 Guelph.
412 2815 505 2850 male
530 2815 687 2852 dactulo.
727 2814 761 2859 ³)
787 2815 857 2850 Hic
879 2825 1001 2850 versus
1024 2813 1132 2858 (Aen.
1151 2813 1168 2847 1
1193 2814 1281 2856 668)
1306 2813 1343 2848 ιιι
1368 2814 1445 2848 cod.
1472 2813 1625 2858 Guelph.
1651 2815 1851 2859 praecedit3
1877 2815 2037 2859 sequitur
2061 2817 2161 2861 prior
2186 2819 2288 2861 (Aen.
2314 2818 2365 2853 IV
2391 2820 2465 2864 13);
2491 2821 2553 2864 qui
2577 2821 2684 2856 inter·

231 2874 384 2921 ponendi
408 2877 511 2910 erant
532 2884 669 2920 versus,
693 2873 837 2918 desunt3
864 2872 907 2909 cf.
932 2883 1023 2918 quae
1039 2870 1239 2917 Heusinger
1263 2870 1309 2906 ad
1333 2871 1430 2907 hunc
1454 2871 1569 2908 locum
1594 2872 1788 2909 adnotavit.
1828 2872 1863 2917 ⁴)
1881 2872 1960 2909 Hoc
1985 2874 2189 2920 explicandi
2212 2885 2324 2920 genus
2349 2881 2489 2922 spectat
2513 2877 2559 2914 ad
2582 2877 2683 2914 illum

231 2932 403 2977 libellum,
428 2932 488 2977 qui
512 2932 549 2967 in
573 2932 649 2968 cod.
667 2932 820 2977 Guelph.
846 2942 917 2967 non
940 2931 992 2966 ita
1015 2931 1165 2966 multum
1189 2929 1372 2975 praecedit
1396 2930 1452 2975 (cf.
1470 2932 1683 2977 573—576),
1707 2932 1840 2976 quique
1865 2932 2086 2969 inscribitur:
2104 2927 2257 2969 ‘Isidori
2281 2935 2431 2971 iunioris
2448 2935 2681 2981 Hispalensis

232 2989 405 3037 Episcopi
429 2990 679 3036 grammaticae
703 2990 796 3027 artis
819 2989 963 3026 nomina
987 2998 1116 3034 graeca
1140 2992 1174 3024 et
1196 2987 1308 3024 latina
1331 2982 1478 3025 notata?
1526 2989 1596 3025 Vbi
1620 3000 1655 3035 p.
1674 2990 1763 3025 576:

912 3066 1228 3108 ‘Penthemimeres
1299 3071 1437 3118 syllaba
1461 3080 1647 3108 remanens
1670 3076 1754 3118 post
1778 3073 1868 3110 duos
1891 3073 2001 3120 pedes

920 3136 1253 3183 Hephthemimeres
1300 3135 1439 3182 syllaba
1462 3141 1543 3183 post
1568 3137 1938 3182 <t>er(tium>

918 3202 1039 3238 Tritos
1062 3201 1250 3238 trochaeos
1298 3201 1436 3249 syllaba
1460 3207 1543 3248 post
1566 3206 1734 3248 quartum
1757 3212 1944 3240 remanens

919 3267 1064 3302 Tetarte
1090 3267 1276 3303 bucolicon
1300 3266 1438 3314 syllaba
1460 3272 1541 3313 post
1565 3267 1728 3312 quintum
1751 3262 1960 3304 remanens?

408 3348 519 3387 triton
543 3349 739 3388 trochaeon
762 3354 799 3386 et
823 3353 977 3386 tetarten
1000 3348 1188 3387 bucolicon
1212 3347 1306 3385 male
1329 3347 1500 3396 explicari
1524 3353 1644 3396 patet3
1677 3349 1720 3385 cf.
1745 3347 1958 3396 Heusingeri
1983 3349 2100 3386 adnot.
