2915 3831
1419 123 1491 164 ·13
1555 100 1558 102 ’

0 226 77 286 ‘a'
115 246 118 248 ’
171 250 417 314 ιμιὶψυὲῑΥ
430 253 710 304 Μούλιον
750 252 904 304 αὐτῶν
917 257 992 314 ¹⁵)·
1032 251 1063 314 ἡ
1099 254 1254 315 nodva
1291 256 1370 303 καὶ
1407 261 1533 317 τρίτη
1573 258 1649 304 καὶ
1686 257 1859 315 πέμπτη
1891 255 2015 315 χώρα
2043 260 2305 316 πυρρίχιον,
2343 253 2373 315 ἡ
2405 257 2594 314 δευτέρα
2625 256 2704 302 καὶ

163 325 174 379 J
195 329 206 332 ‘⁷
223 322 417 384 ῆίάίῗτη
446 328 711 382 σπονδεῖον,
741 321 775 384 ἡ
801 325 906 383 ἕκτη
938 328 1184 372 σπονδεῖον
1211 322 1240 385 ἢ
1270 335 1484 384 τροχαῖον
1497 329 1573 386 ¹‘)·
1606 324 1708 374 οἷον

977 423 1302 442 θυι-..1111

933 446 1164 500 Ζαχαρίου
1192 433 1392 501 μεγάλοι-1
1420 425 1645 501 affimant}
1674 429 1812 501 κοῖἳρέ
1825 447 1894 500 ¹⁷).

403 536 706 594 Paragraphns
736 541 785 581 7⁸
818 536 1011 581 leviculis
1042 536 1297 590 quibusdam
1327 539 1514 592 exceptis
1544 538 1759 582 consentit
1789 549 1885 581 cum
1915 538 1988 581 illo
2007 541 2198 582 tractatu
2212 573 2222 591 ,
2255 550 2380 593 quem
2410 538 2482 582 Du
2511 536 2702 591 Cangius

226 605 285 655 in.
304 605 524 652 Glossario
563 606 731 651 mediae
773 610 818 650 et
856 604 1031 649 infimae
1061 604 1321 649 Graecitatis
1359 606 1438 651 col.
1472 610 1554 650 728
1586 619 1649 662 8(1.
1682 619 1715 649 8.
1746 620 1787 649 v.
1818 604 2119 649 κουκούλλιον
2149 620 2201 650 ex
2231 607 2457 662 Anonymo
2487 618 2568 650 ms.
2600 604 2703 658 περὶ

227 674 407 731 μέτρων
445 676 684 721 exhibitum
722 675 870 730 affert,
912 686 1123 730 quemque
1151 673 1307 719 Petrus
1338 675 1568 732 Matranga
1598 676 1775 730 (Anecd.
1808 676 1962 720 Graec.
1993 677 2074 720 vol.
2106 677 2149 730 I,
2189 676 2324 731 praef.
2358 676 2432 732 31)
2473 689 2526 721 ex
2557 675 2702 720 codiee

227 744 441 790 Vaticano
472 749 526 789 97
558 746 621 789 ita
651 746 917 799 emendavit,
953 748 1004 788 ut
1033 756 1129 787 cum
1158 743 1240 788 hoc
1271 743 1475 789 Chisiano
1504 746 1556 789 ad
1589 746 1767 789 verbum
1798 746 2044 790 conveniret
2053 745 2109 800 ·);
2141 747 2255 790 unde
2285 745 2471 790 efficitur
2500 746 2581 789 hos
2610 748 2700 789 tres

223 817 444 861 tractatus
475 826 622 860 omnes
652 816 708 861 ad
739 814 919 860 eundem
949 813 1197 859 referendos
1227 826 1321 858 esse
1351 814 1641 871 archetypum,
1673 815 1793 859 cuius
1823 818 1974 859 auctor
2004 815 2114 858 hanc
2145 815 2368 859 materiam
2399 827 2452 859 ex
2482 814 2613 859 schol.
2646 813 2703 858 B¹

227 884 461 941 Hephaest.
492 889 708 942 sumptam
738 897 816 929 suo
846 884 1028 928 arbitrio
1058 884 1300 928 mutaverit.
1352 884 1464 927 Nam
1489 897 1541 928 ex
1566 885 1647 928 hoc
1673 883 1791 928 fonte
1819 897 1913 927 eam
1944 883 2196 940 profluxisse
2222 889 2441 929 testantur
2460 884 2625 929 scholia
2644 882 2703 927 13²

223 967 269 1012 p,
294 958 378 1001 184
399 968 461 1011 sq.
493 955 840 1000 Pseudo-Draco
870 967 911 1009 p.
938 957 1019 997 167
1041 965 1102 1009 sq.
1135 953 1310 998 Isaacus
1340 967 1381 1009 p.
1407 956 1486 998 191
1512 967 1573 1010 sq.
1597 954 1746 998 Helias
1777 967 1817 1010 p.
1841 957 1897 998 80
1919 966 1981 1009 sq.
2013 954 2242 999 Triclinius
2273 968 2313 1011 p.
2338 958 2422 999 333
2466 954 2559 1009 (qui
2591 954 2702 998 hanc

225 1036 319 1083 rem
347 1026 564 1071 levissime
594 1025 868 1082 perstrinxit)
890 1023 1382 1079 Pseudo-Moschopulus
1403 1037 1444 1080 p.
1462 1028 1516 1068 49
1545 1023 1639 1079 ((1111
1660 1025 1787 1068 11111118
1807 1025 2069 1080 paragraphi
2090 1026 2309 1069 exordium
2331 1027 2468 1069 solum
2488 1025 2700 1081 praebet),

222 1106 335 1150 quos
371 1108 519 1140 omnes
558 1110 613 1140 ex
649 1095 821 1140 scholiis
852 1094 909 1137 B¹
938 1093 1294 1148 Hephaestioneis
1334 1094 1517 1147 pendere
1557 1095 1646 1137 iam
1685 1107 1813 1148 supra
1855 1095 2051 1138 vidimus.
2112 1096 2180 1138 Ex
2216 1096 2283 1139 his
2322 1100 2469 1139 autem
2498 1095 2701 1140 videntur

224 1166 357 1210 schol.
371 1164 431 1208 Β2
451 1171 496 1209 et
516 1165 858 1217 Pseudo-Draco,
889 1164 964 1218 qui
993 1164 1186 1216 exempla
1216 1163 1386 1216 quidem
1409 1164 1563 1216 omisit,
1596 1165 1641 1206 in
1662 1164 1816 1207 ceteris
1837 1168 1981 1207 autem
2003 1165 2059 1208 ab
2080 1164 2163 1208 illis
2186 1166 2357 1209 omnino
2378 1179 2464 1210 non
2485 1165 2700 1218 abhorret,

223 1236 274 1278 et
292 1234 466 1279 Isaacus
498 1235 553 1279 ad
583 1235 716 1279 schol.
732 1233 790 1278 Β1
811 1233 1001 1289 proxime
1031 1232 1281 1285 accessisse3
1314 1232 1480 1287 longius
1512 1233 1656 1286 distat,
1690 1233 1765 1276 sed
1795 1232 1894 1276 huic
1918 1234 2211 1288 manuscripto
2234 1233 2438 1279 Chisiano
2459 1234 2700 1279 simillimus

222 1306 294 1348 est
322 1307 537 1347 tractatus
567 1303 739 1357 Heliae,
772 1307 836 1356 et,
867 1305 1075 1357 quantum
1106 1302 1149 1344 in
1180 1301 1259 1346 hoc
1289 1301 1471 1346 frustulo
1502 1302 1681 1346 iudicari
1712 1306 1866 1357 potest,
1899 1302 2366 1359 Pseudo-Moschopuli.
2428 1304 2572 1356 Quare
2604 1317 2702 1347 cum

226 1373 483 1427 praesertim
511 1373 598 1416 iam
619 1372 971 1427 praecedentium
991 1371 1297 1426 particularum
1319 1370 1615 1415 Chisianarum
1636 1372 1840 1414 maiorem
1861 1375 2028 1426 partem
2050 1373 2387 1417 intellexerimus
2409 1374 2547 1417 artius
2570 1386 2701 1429 quam

223 1453 324 1486 cum
362 1442 514 1485 ceteris
554 1442 743 1485 metricis
783 1442 1056 1485 coniunctam
1099 1453 1192 1484 esse
1232 1454 1327 1484 cum
1358 1441 1507 1484 Heliae
1546 1445 1592 1485 et
1623 1441 1887 1496 Moschopuli
1918 1442 2197 1495 tractatibus,
2239 1448 2354 1487 recte
2390 1455 2565 1487 censere
2597 1444 2701 1486 mihi

224 1512 372 1555 videor
402 1512 645 1564 congeriem
675 1512 786 1554 hanc
816 1525 868 1554 ex
898 1510 1043 1553 eodem
1075 1523 1158 1563 quo
1188 1511 1264 1553 hos
1294 1512 1493 1553 haustam
1523 1524 1618 1554 esse
1649 1511 1895 1564 archetypo.

401 1603 429 1646 ί)
468 1603 552 1636 Τῶν
585 1595 891 1646 άνακρεοντείων
923 1601 1052 1645 scripsi
1084 1612 1165 1636 cum
1196 1600 1318 1636 codice
1342 1600 1623 1636 Vat.-Palatino
1657 1601 1703 1635 23
1738 1600 1947 1645 bombycino
1981 1600 2021 1635 40
2055 1601 2130 1645 (fol.
2150 1604 2251 1648 33v),
2288 1615 2395 1648 quem
2429 1603 2695 1640 Studemundus

221 1706 391 1752 inspexit.
445 1702 502 1740 Τὰ
534 1671 728 1750 άνακρεόῖ
757 1706 780 1741 1.
805 1717 837 1741 e.
862 1700 1138 1749 άνακρεόντεια
1166 1704 1196 1740 0
1213 1705 1249 1739 V
1269 1705 1478 1749 (Vaticanus
1501 1707 1562 1749 97,
1598 1714 1704 1750 (1110111
1728 1704 1921 1749 Matranga
1950 1706 2115 1750 contulit)
2140 1708 2176 1741 A
2202 1708 2426 1753 (Anonymus
2449 1708 2510 1743 Du
2537 1708 2694 1754 Gangii);

223 1764 322 1811 quod
349 1763 546 1800 absurdum
574 1763 736 1809 quidem,
770 1763 834 1799 sed
858 1763 1012 1800 fortasse
1035 1762 1178 1808 ineptiis
1201 1763 1330 1798 horum
1353 1762 1743 1807 grammaticastrorum
1767 1761 2042 1798 condonandum
2066 1769 2129 1800 est.
2184 1765 2265 1800 Τοῦ
2290 1759 2558 1810 Ἀνακρέοντος
2583 1766 2695 1802 habet

224 1867 350 1905 Helias
377 1868 511 1904 Furiae
540 1868 817 1913 (Laurentianus
850 1871 941 1904 teste
970 1867 1212 1904 Studemundo
1244 1867 1394 1911 praebet
1422 1867 1500 1901 Τοῦ
1528 1831 1757 1911 ανακρέοῖ),
1791 1876 1883 1911 (11130
1917 1867 2135 1912 appellatio,
2169 1868 2201 1904 si
2232 1869 2416 1914 sequimur
2446 1870 2695 1907 Hermannum

224 1926 273 1965 el.
296 1926 412 1964 doctr.
436 1930 537 1962 metr.
562 1937 599 1972 p.
620 1927 700 1972 489,
724 1925 913 1962 familiaris
937 1924 1077 1961 videtur
1101 1924 1222 1961 fuisse.
1281 1924 1310 1970 ²)
1338 1922 1379 1960 οἴ
1400 1921 1470 1969 μὲν
1496 1921 1597 1959 οἶκοι
1621 1924 1669 1960 Β2
1695 1927 1732 1960 et
1754 1923 1920 1968 leucus,
1945 1923 2017 1968 μὲν
2042 1922 2082 1960 οἷ
2104 1924 2206 1961 οἶκοι
2233 1925 2277 1970 C,
2305 1924 2346 1961 οἵ
2369 1926 2470 1963 οἶκοι
2495 1925 2568 1973 μὲν
2593 1928 2694 1965 vat.-

226 1985 411 2023 Palatinus
434 1985 492 2030 23,
515 1981 587 2029 μὲν
612 1983 715 2019 οἶκοι
729 1983 778 2028 A,
802 1980 873 2029 μὲν
898 1976 1025 2018 αὐτῶν
1050 1980 1093 2018 οῖ
1114 1981 1216 2018 οἶκοι
1237 1981 1283 2027 V;
1310 1980 1351 2016 οἷ
1373 1979 1474 2016 οἶκοι
1498 1981 1675 2017 vocabula
1697 1981 1820 2017 invitis
1844 1981 2027 2018 codicibus
2052 1982 2213 2019 addenda
2236 1983 2405 2020 videntur
2429 1985 2528 2030 apud
2553 1985 2697 2023 Heliam

226 2043 326 2089 (Τοῦ
347 2037 613 2088 Ἀνακρέοντος
638 2038 883 2087 ἐπιδέχονται
906 2039 1064 2084 <οἴ>
1088 2037 1158 2085 μὲν
1184 2038 1397 2082 <οἴκοι>
1422 2033 1661 2074 ἀνάπαιστον
1686 2040 1789 2083 κτλ).
1830 2038 1924 2083 Quid
1948 2039 2017 2074 sibi
2042 2041 2130 2076 velit
2155 2039 2275 2085 οἶκος,
2301 2042 2486 2087 explicant
2510 2043 2633 2080 Herm.
2650 2044 2696 2080 el.

226 2099 341 2137 doctr.
357 2105 460 2137 metr.
478 2111 513 2145 p.
527 2101 608 2145 489,
634 2099 746 2135 Gaisf.
763 2100 800 2135 in
817 2099 872 2134 ed.
892 2098 1108 2143 Hephaest.²
1124 2098 1142 2132 I
1158 2109 1193 2142 p.
1209 2099 1287 2142 184,
1313 2097 1489 2132 Christius
1512 2097 1549 2131 in
1573 2097 1725 2132 Anthol.
1744 2097 1941 2132 carminum
1960 2097 2258 2144 Christianorum,
2283 2101 2396 2145 praef.
2413 2103 2471 2137 67.
2512 2101 2542 2147 ⁸)
2561 2102 2651 2138 Cum
2670 2102 2702 2138 O

225 2156 364 2195 addunt
387 2151 608 2203 ἀδιάφορον
632 2155 906 2192 Pseudo-Draco
931 2156 1077 2191 Isaacus
1103 2154 1299 2190 Triclinius
1324 2153 1762 2199 Pseudo-Moschopulus3
1790 2155 1958 2190 omittunt
1978 2155 2148 2191 VHelias
2173 2157 2287 2192 schol.
2302 2158 2362 2193 B2.
2413 2158 2441 2202 ⁴)
2469 2159 2537 2195 Hic
2561 2169 2697 2206 versus,

227 2216 286 2253 cui
309 2215 406 2252 solus
429 2216 574 2252 Isaacus
599 2214 767 2260 praefixit
791 2224 932 2250 versum
956 2208 1032 2250 άπὸ
1058 2212 1251 2257 μουσικῶν
1276 2209 1480 2256 μελάθρων
1505 2216 1690 2257 sumptum
1714 2224 1759 2248 ex
1785 2212 2008 2248 Constantia.
2048 2213 2167 2249 Siculo
2185 2215 2203 2249 1
2231 2218 2245 2249 1
2275 2216 2434 2260 (Theod.
2450 2217 2583 2262 Bergk.
2600 2224 2697 2263 poet.

228 2273 297 2320 lyr.
321 2272 391 2309 111⁸
419 2275 509 2309 1085
526 2288 573 2303 z
589 2272 781 2316 Matranga
804 2271 937 2307 Anecd.
963 2272 1000 2306 11
1026 2270 1118 2315 689),
1144 2270 1277 2314 petitus
1302 2270 1442 2304 videtur
1467 2282 1512 2306 ex
1535 2270 1694 2306 carmine
1719 2270 1875 2314 quodam
1899 2271 2022 2315 ignoto
2048 2272 2264 2317 Christiano,
2291 2274 2335 2310 de
2359 2286 2431 2319 quo
2456 2275 2538 2311 vide
2564 2276 2696 2320 Bergk.

227 2328 300 2366 111⁸
327 2331 438 2376 1077;
468 2329 561 2365 idem
586 2333 703 2364 exstat
725 2328 823 2373 apud
847 2337 970 2363 omnes
994 2327 1180 2370 metricoS,
1204 2326 1267 2371 qui
1289 2327 1358 2362 hoc
1383 2333 1491 2372 capnt
1515 2332 1764 2363 tractaverunt
1789 2334 1939 2373 excepto
1966 2328 2298 2366 Pseudo-Dracone.
2348 2331 2525 2368 Adiunxit
2547 2333 2696 2378 insuper

229 2388 355 2425 Helias
378 2388 463 2424 huic
487 2388 607 2423 versui
632 2391 803 2432 quattuor
827 2386 916 2422 31108
941 2385 999 2421 1118
1023 2385 1158 2421 verbis:
1183 2382 1360 2429 λέγονται
1384 2382 1427 2420 δὲ
1453 2380 1519 2420 διὰ
1543 2383 1683 2430 μέλους
1707 2379 1782 2421 civ&
1806 2383 1991 2430 τέσσαρας
2014 2385 2208 2432 τέσσαρες·
2235 2384 2502 2435 (άνατέσσαρῦι
2518 2389 2696 2436 τέσσαρες

230 2447 353 2492 Laur.,
378 2439 636 2489 άνατέσσαρεσ
659 2440 840 2488 τεσσάρεσ
864 2443 1094 2489 Barberinus,
1119 2437 1194 2478 άνὰ
1220 2438 1253 2477 δ’
1271 2443 1431 2479 Venetus
1456 2443 1600 2489 Heliae3
1628 2437 1705 2478 άνὰ
1731 2440 1763 2478 δ’
1782 2439 1815 2478 δ’
1834 2444 2092 2481 Ambrosianus
2119 2447 2144 2481 C
2172 2448 2241 2483 222
2265 2449 2359 2494 sup.)
2386 2446 2472 2485 οἷον

758 2526 844 2561 Φίλε
871 2521 921 2570 μὴ
947 2519 1074 2560 adeo?
1093 2520 1201 2569 ἐμοῖο
1215 2524 1247 2569 b)

756 2577 896 2628 άρετῆς
919 2578 1094 2627 τρόποισι
1118 2577 1274 2626 λάμπων
1301 2575 1465 2627 (άρετοῖς
1489 2581 1582 2618 male
1607 2583 1870 2619 Ambrosianus
1895 2584 1921 2620 C
1947 2586 2015 2620 222
2039 2587 2130 2631 sup.)

756 2636 909 2686 ἀγάπης
933 2635 1049 2684 ὅρους
1073 2635 1274 2685 φυλάττων

758 2699 939 2746 μοναχῶν
963 2693 1091 2743 ἄριστε
1116 2693 1252 2743 Μάρκε
1280 2698 1345 2742 (810
1369 2698 1474 2733 etiam
1499 2698 1761 2735 Ambrosianus
1786 2699 1812 2735 C
1836 2701 1904 2735 222
1929 2711 2006 2746 sup.
2032 2706 2121 2737 teste
2147 2701 2419 2751 Studemundo).

230 2783 370 2830 Quibus
394 2792 439 2818 ex
462 2786 635 2827 quattuor
659 2781 832 2826 versibus,
858 2790 1011 2826 quorum
1029 2782 1060 2815 1.
1079 2780 1110 2813 2.
1129 2779 1151 2813 4
1178 2778 1318 2821 (tertius
1334 2784 1486 2823 propter
1502 2778 1791 2815 homoeoteleuta
1808 2774 1945 2824 αἱρετῆς
1960 2800 2006 2807 -—
2024 2775 2177 2827 ἀγάπης
2202 2789 2238 2819 et
2255 2781 2414 2830 λάμπων
2430 2807 2478 2813 -
2494 2785 2697 2833 φυλάττων

231 2841 384 2879 omissus
416 2842 482 2887 est)
508 2841 616 2877 etiam
640 2844 787 2876 exstant
810 2838 909 2885 apud
933 2839 1089 2874 Keilium
1112 2837 1151 2873 in
1175 2838 1281 2873 Anal.
1305 2843 1490 2883 grammat.
1515 2849 1549 2883 p.
1578 2839 1642 2883 13,
1677 2837 1829 2873 coniecit
1854 2838 2080 2876 Hermannus
2108 2841 2145 2876 in
2171 2841 2274 2878 elem.
2299 2843 2410 2881 doctr.
2436 2851 2539 2882 metr.
2566 2858 2600 2893 p.
2626 2849 2697 2884 489

230 2909 486 2945 nonnunquam
516 2900 623 2935 etiam
646 2909 691 2934 ex
715 2903 886 2942 quattuor
910 2897 1181 2933 Anacreonticis
1208 2897 1342 2936 οἴκους
1365 2897 1584 2941 compositos
1606 2896 1737 2940 fuisse,
1770 2897 1901 2940 quibus
1925 2897 2092 2942 deinceps
2116 2901 2297 2936 cuculium
2322 2902 2552 2937 subiunctum
2575 2903 2697 2940 fuerit.

230 2958 281 2997 Et
309 2968 437 2995 revera
469 2969 551 2995 omn
584 2969 630 2993 ex
654 2955 999 2993 Pseudo-Dracone
1030 2968 1066 3001 p.
1094 2955 1239 3000 167‚20,
1271 2953 1335 3000 qui
1365 2953 1469 2990 docet
1492 2955 1741 2991 Anacreontea
1769 2954 1807 2989 in
1837 2953 1917 2991 0013
1947 2966 2011 2991 sex
2042 2956 2202 3003 (οἴκους)
2233 2965 2270 2996 et
2295 2959 2333 2995 in
2357 2959 2429 2996 duo
2454 2956 2695 3007 (κουκοιὶλια)

230 3016 420 3054 dividenda
449 3025 545 3061 esse,
579 3020 617 3052 et
640 3025 686 3051 ex
711 3015 835 3051 Isaaco
860 3026 895 3064 p.
924 3015 1049 3059 192‚36
1073 3024 1143 3059 sq„
1174 3013 1235 3058 qui
1259 3013 1417 3057 explicat
1439 3012 1579 3048 duobus
1602 3012 1752 3048 cuculiis
1777 3017 1857 3048 octo
1882 3014 2096 3058 praecedere
2122 3016 2273 3060 οἴκους,
2304 3022 2381 3053 tum
2404 3027 2449 3053 ex
2473 3018 2693 3056 carminibus

230 3074 502 3112 Anacreonticis
527 3074 593 3121 eis,
618 3085 710 3120 quae
734 3072 915 3118 Bergkius
938 3077 1034 3118 poet.
1061 3072 1127 3119 lyr.
1153 3070 1225 3106 111³
1250 3072 1342 3107 1078
1366 3082 1462 3116 sqq.,
1491 3069 1685 3116 Matranga
1710 3069 1832 3118 Spicil.
1858 3081 1994 3107 roman.
2021 3072 2083 3118 IV,
2115 3074 2295 3112 Chr-istius
2321 3076 2470 3112 Anthol.
2494 3077 2694 3115 carminum

409 3205 439 3248 Β)
464 3202 627 3239 Eandem
649 3202 839 3238 materiam
861 3201 1013 3237 inveniri
1035 3201 1073 3236 in
1096 3199 1174 3236 cod.
1192 3199 1344 3236 Parisin.
1363 3200 1454 3235 1983
1478 3208 1573 3236 saec.
1590 3198 1625 3234 X
1649 3203 1802 3235 testatur
1826 3200 2014 3238 Cramerus
2039 3204 2211 3240 Anecdot.
2232 3204 2292 3241 Gr.
2311 3204 2427 3241 Paris.
2444 3206 2462 3241 Ι
2486 3207 2566 3242 385.

409 3261 441 3308 b)
466 3261 517 3299 sic
541 3261 662 3298 Herm.
687 3260 733 3298 el.
757 3260 870 3297 doctr.
894 3265 998 3296 metr.
1022 3260 1108 3305 4893
1135 3254 1274 3300 λάθοις
1299 3253 1405 3304 ἐμεῖο
1430 3257 1571 3302 Venet.,
1596 3253 1699 3302 λάθη
1727 3252 1833 3303 ἐμοῖο
1862 3260 1982 3305 Laut„
2007 3257 2141 3307 μάθησ
2167 3258 2275 3308 ἐμοῖο
2303 3264 2524 3301 Barberinus
2551 3265 2695 3311 Heliae;

233 3317 373 3363 λάθοις
399 3316 507 3367 ἕμοῖο
533 3319 647 3357 codex
672 3319 931 3356 Ambrosianus
955 3317 982 3353 C
1006 3318 1076 3352 222
1101 3327 1180 3363 sup.
1206 3317 1242 3351 in
1267 3315 1376 3352 Keilii
1400 3315 1597 3351 Analectis.
