2915 3831
16 32 44 56 ’ζ
68 32 104 51 ἰς

201 215 221 229 Ἰ

123 14 196 39 ι’»,γί.
214 21 231 37 ,ἡ
247 33 251 41 1

209 47 215 56 a·

0 71 201 113 ηεῖὗΨἻ
248 75 251 78 “
293 72 297 75 ”
371 114 407 133 w

1366 154 1471 197 ‘21

251 235 259 243 «
313 201 341 249 ἑ

33 283 41 291 ’
60 267 68 286 ³
226 287 383 326 welche·
404 288 466 325 bei
480 287 695 336 Heliadum-‘3
719 290 799 326 eine
822 299 863 325 so
880 299 1012 334 grosse
1035 289 1246 335 Bedeutung
1268 291 1351 336 hat,
1375 289 1476 326 nicht
1499 291 1833 336 unherucksichtigt
1858 291 2001 327 limen.
2049 291 2116 327 Die
2141 290 2286 327 Scholia
2315 290 2360 336 A,
2388 290 2605 326 mmentlich
2628 291 2688 327 die

0 3596 81 3831 r
20 3567 22 3569 -
35 3382 51 3394 f

59 3762 73 3789 μ’.
60 3582 66 3586 ”

75 3774 112 3831 ἓᾳκ
80 3738 90 3744 ’

225 342 576 397 fldhnfimiuchen,
611 345 729 383 haben
757 346 815 383 die
839 341 1027 393 {anuloni
1051 357 1118 384 zur
1138 346 1403 394 Erlaeuterung
1426 346 1489 385 ‹1oe
1510 347 1894 396 hephaestioneischen
1914 347 2072 395 Capitels
2095 346 2184 394 περὶ
2206 348 2340 384 ποδῶν
2364 346 2520 384 vielfnch
2545 347 2685 384 herbei-

223 400 399 452 &domm
432 405 472 442 in
494 405 563 442 den
585 406 684 442 alten
706 400 965 451 ὖπομνηματα
988 416 1064 442 war
1085 407 1137 443 sie
1159 406 1236 443 also
1258 418 1305 443 an
1327 407 1445 443 dieser
1469 407 1577 444 Stelle
1599 408 1801 444 behandelt.
1854 407 2070 443 Ebendaher
2094 407 2183 443 vird
2206 408 2301 444 auch
2324 406 2381 443 die
2407 402 2596 451 ἐπικλοιιή
2621 406 2687 443 der

227 460 348 512 sangi.
370 461 404 500 B
425 462 590 501 entlehnt
612 463 709 511 sein,
733 453 876 500 obwohl
902 462 962 500 die
984 462 1066 500 hier
1088 473 1155 499 uns
1176 462 1401 509 vorliogmde
1424 463 1747 501 ausserordentlich
1771 463 1982 501 wortreiche
2007 463 2171 510 Fassung
2194 474 2265 500 von
2287 462 2352 499 der
2376 461 2687 510 ursprunglichen

190 553 197 559 ι
226 516 462 570 nix-atellana
492 521 559 559 der
593 516 852 568 ὑπομνήματα
886 520 1069 557 durchaus
1100 521 1329 558 verschieden
1363 522 1440 558 sein
1462 532 1569 560 muse.
1619 521 1712 559 Sehr
1745 522 1916 558 vetkurzt
1940 523 2009 567 ist,
2039 532 2112 558 was
2136 521 2299 559 Pseudo·
2306 522 2426 559 Draco
2450 532 2485 567 p.
2513 524 2580 558 125
2605 521 2681 558 und

135 619 139 625 ,
228 572 377 617 Triclin.
400 592 437 627 p.
459 582 530 617 318
554 579 665 618 Gaias.
689 590 754 617 aus
777 579 964 617 derselben
988 578 1113 625 Quelle
1136 579 1227 616 fiber
1250 578 1306 616 die
1332 575 1518 626 ἐπιπλοκή
1541 574 1764 617 mittheilen.'

250 713 254 716 .
401 652 441 697 A
471 651 727 697 scholiorum
756 651 792 697 B
823 650 991 695 ratione
1022 662 1107 694 non
1136 651 1316 696 multum
1346 651 1592 707 discrepans
1624 650 1733 695 Mar.
1765 650 1925 695 Victor.
1958 651 2136 696 eandem
2167 664 2257 695 rem
2286 651 2511 706 tractavit,
2549 663 2688 706 neque

225 723 315 769 ulla
354 723 565 767 dubitatio
604 727 803 768 accurate
843 721 1132 767 conferentem
1162 722 1342 777 subibit,
1386 723 1509 779 quin,
1550 723 1661 767 unde
1691 722 1947 767 scholiorum
1976 726 2189 766 tractatus
2220 729 2339 767 ortus
2369 723 2451 776 sit,
2496 722 2688 766 indidem

225 794 436 850 originem
464 795 646 838 traxerit
675 794 896 847 congeries
926 792 1196 848 grammatici
1226 793 1362 837 latini.
1416 794 1578 838 Marius
1609 794 1723 838 enim
1744 793 1985 837 Victorinus
2018 793 2091 837 lib.
2114 793 2134 836 Ι
2167 805 2258 848 cap.
2296 797 2347 837 18
2375 792 2454 847 (VI
2477 791 2552 847 63)
2578 792 2684 836 haec

226 864 386 920 scribit,
417 876 527 920 quae
557 864 612 910 ab
644 864 751 909 Iuba
781 863 990 920 originem
1020 862 1175 908 ducere
1205 863 1360 908 statuit
1388 863 1573 909 Hensius
1604 864 1658 909 de
1690 862 1797 908 Iuba
1828 863 2077 920 artigrapho
2109 876 2150 919 p.
2174 865 2257 906 224
2279 875 2395 919 sqq.:

747 940 828 990 ‘De
860 945 1047 1002 epiploce
1077 946 1121 989 id
1150 949 1215 990 est
1244 951 1475 990 metrorum
1506 947 1782 1003 amplexione.

401 1029 526 1073 Nunc
554 1029 608 1073 de
636 1033 870 1072 metrorum
887 1017 1217 1081 ’conexionibus,
1248 1040 1354 1082 quas
1383 1030 1597 1083 epiplocas
1618 1028 1771 1071 Graeci
1797 1029 2029 1084 appellant,
2061 1028 2262 1070 dicemus.
2311 1027 2548 1070 adiectione
2574 1027 2687 1070 enim

224 1104 272 1144 et
296 1100 564 1144 detractione
593 1111 670 1155 per
700 1098 888 1154 syllabas
919 1104 964 1142 et
994 1104 1188 1152 tempora
1217 1098 1269 1141 iis
1300 1099 1534 1142 accidentia
1564 1104 1704 1142 metra
1728 1099 1962 1142 variantur.
2015 1099 2130 1141 dicta
2155 1102 2299 1141 autem
2324 1098 2525 1152 epiploce,
2553 1097 2596 1141 id
2620 1101 2688 1141 &st

226 1169 456 1226 amplexio,
499 1183 525 1213 a
560 1169 750 1214 metricis
788 1181 855 1222 eo,
898 1169 1012 1223 quod
1047 1168 1236 1224 copulari
1266 1172 1404 1212 metra
1434 1168 1579 1212 metris
1610 1168 1778 1212 diversa
1810 1167 1875 1211 his
1906 1167 2217 1212 adiectionibus
2249 1168 2315 1211 vel
2346 1167 2686 1212 detractionibus

220 1244 303 1293 >aut
339 1240 470 1284 etiam
507 1239 862 1284 translationibus
902 1238 1139 1282 videantur.
1199 1238 1350 1281 harum
1381 1238 1542 1293 species
1572 1242 1673 1282 sunt
1703 1242 1790 1282 tres
1804 1273 1814 1292 ,
1857 1250 2037 1292 quarum
2068 1239 2208 1293 prima
2238 1238 2458 1291 trisemos,
2502 1238 2687 1281 secunda

225 1314 491 1367 tetrasemos,
523 1302 654 1355 tertia
684 1309 932 1353 hexasemos
963 1308 1131 1361 dicitur,
1161 1320 1214 1351 ex
1244 1320 1293 1351 eo
1324 1307 1437 1361 quod
1466 1321 1489 1351 e
1518 1308 1656 1352 tribus
1687 1312 1732 1352 et
1761 1312 1965 1362 quattuor
1984 1312 2028 1352 et
2049 1321 2125 1352 sex
2147 1308 2411 1363 temporibus
2433 1308 2685 1361 subsistant,

225 1393 337 1435 quae
372 1381 531 1423 additis
568 1380 634 1424 vel
671 1379 876 1423 detractis
916 1379 971 1421 ab
1011 1378 1133 1422 initio
1175 1390 1322 1421 versus
1360 1378 1509 1431 primis
1539 1377 1717 1432 syllabis
1756 1378 1924 1421 diversa
1963 1383 2194 1422 metrorum
2234 1391 2398 1432 genera
2436 1378 2681 1423 informant.

174 1461 177 1464 ·
223 1462 404 1506 quarum
435 1450 573 1506 prima
600 1450 684 1494 erit
709 1442 920 1505 ἐπιπλοκὴ
944 1441 1136 1503 evadam)
1167 1447 1393 1503 τρίσημος,
1424 1446 1467 1490 id
1498 1450 1563 1491 est
1594 1458 1690 1491 cum
1721 1447 1915 1491 iambicis
1947 1448 2164 1493 trochaica
2198 1460 2357 1493 conexa
2388 1449 2613 1493 variantur
2642 1449 2687 1493 in

225 1521 385 1576 species
425 1520 531 1564 duas
568 1524 772 1574 utrasque
815 1520 1036 1571 trisemas‚
1078 1523 1126 1561 ut
1166 1517 1367 1570 diximus,
1410 1521 1647 1572 temporum
1685 1517 1829 1561 trium.
1890 1518 1934 1560 in
1965 1519 2262 1573 coniugatione
2292 1531 2394 1563 vero
2425 1518 2681 1563 hexasemoe

224 1595 337 1644 sunt,
368 1591 411 1633 id
443 1594 509 1634 est
538 1582 779 1644 temporum
810 1602 898 1632 sex.
961 1601 1060 1630 nam
1090 1587 1271 1630 iambico
1301 1588 1459 1640 versui,
1492 1592 1539 1630 ut
1568 1592 1636 1631 est

752 1675 930 1726 paratus
961 1682 1083 1714 omne
1114 1668 1309 1713 Caesaris
1340 1668 1591 1724 periculum,

227 1755 265 1799 si
295 1754 501 1798 adieceris
531 1754 722 1808 longam,
756 1752 914 1797 efficies
944 1751 1220 1803 trochaicum,
1251 1754 1300 1795 ut

754 1848 778 1880 o
807 1838 986 1890 paratus
1017 1846 1140 1877 omne
1171 1832 1366 1877 Caesaris
1397 1832 1643 1887 periculum

226 1882 377 1962 rursus
407 1918 622 1962 trochaico
654 1919 689 1962 si
721 1917 919 1961 detrahas
951 1917 1132 1971 primam
1163 1915 1389 1970 syllabam,
1422 1914 1647 1957 iambicum
1679 1912 1856 1967 efficies,
1890 1909 1981 1957 etc?

404 2011 510 2056 Cum
537 2012 604 2056 his
630 2010 915 2065 comparanda
946 2012 1046 2053 sunt
1076 2007 1321 2063 praemissis
1353 2006 1426 2059 eiS,
1458 2018 1566 2061 quae
1596 2006 1682 2050 iam
1715 2019 1845 2061 supra
1875 2008 2089 2061 adnotavi,
2122 2008 2251 2053 schol.
2274 2008 2309 2052 Β
2342 2022 2382 2064 p.
2413 2012 2537 2063 176‚5
2570 2021 2682 2063 sqq.:

216 2093 447 2150 ’ἐκτύθημι
477 2088 684 2149 καθαρὸν
716 2094 880 2148 ἴαμβον
909 2087 1043 2134 τόνδε

750 2163 818 2210 Ἰὠ
853 2165 993 2210 Κάϊκε
1024 2163 1205 2209 Μύσιαί
1230 2160 1264 2207 τ’
1290 2163 1585 2219 ἐπιρροαί**).
2025 2222 2028 2225 Δ

227 2244 394 2291 τούτου
425 2247 466 2289 εἰ
494 2240 674 2300 ἀφέλοις
704 2238 787 2299 τὴν
819 2240 1002 2297 πρώτην
1033 2234 1280 2296 συλλαβὴν,
1312 2235 1362 2283 τὸ
1393 2239 1772 2298 καταλειπόμενον
1802 2245 1972 2298 γίνεται
2005 2238 2263 2299 τροχαϊκὸν,
2299 2239 2386 2288 ἀπὸ
2420 2246 2502 2288 τοῦ
2537 2243 2685 2300 τριμέ-

227 2332 340 2373 τρου
378 2318 636 2372 τρίμετρον,
680 2308 766 2357 ἀπὸ
811 2308 1118 2368 ἆκαταλήκτου
1161 2307 1504 2366 καταληκτικόν·
1544 2310 1618 2354 καὶ
1662 2303 1720 2356 αὖ
1759 2309 1895 2356 πάλιν
1935 2315 1976 2356 εἰ
2013 2308 2217 2369 ἆφέλοις,
2262 2309 2473 2370 ἰαμβικὸν
2514 2315 2685 2370 γίνεται

227 2382 279 2431 τὸ
309 2383 560 2442 τροχαϊκόν.
624 2379 691 2427 Οὐ
721 2380 869 2438 μόνον
901 2377 943 2425 δ’
979 2381 1027 2424 ἐν
1058 2389 1152 2431 ταῖς
1182 2375 1493 2435 ἀφαιρέσεων,
1530 2376 1642 2425 ἀλλὰ
1673 2381 1747 2425 καὶ
1780 2382 1829 2425 ἐν
1859 2391 1954 2434 ταῖς
1983 2384 2253 2438 προσθέσεσι
2284 2380 2334 2428 τὸ
2366 2386 2578 2427 τοιοῦτον
2607 2386 2684 2441 τῆς

229 2457 464 2510 ἐπιπλοκῆς
503 2452 774 2507 διασώζεται.
838 2451 945 2508 φέρε
982 2446 1091 2507 γὰρ,
1130 2452 1191 2509 τῷ
1223 2450 1529 2510 προειρημένῳ
1562 2454 1696 2511 στίχῳ
1728 2454 1768 2495 εἰ
1796 2456 2047 2509 προσθείην
2078 2449 2188 2497 κατὰ
2218 2449 2301 2511 τὴν
2333 2449 2476 2510 ἀρχὴν
2506 2449 2683 2509 μακρὰν

230 2519 472 2582 συλλαβὴν,
503 2521 640 2568 πάλιν
671 2525 842 2580 γίνεται
873 2518 1131 2578 τροχαῐκόν·

755 2600 861 2641 Νῦν
893 2593 945 2640 eal
979 2595 1117 2640 Κάϊκε
1148 2593 1331 2639 Μύσιαί
1357 2592 1390 2638 τ’
1416 2595 1631 2650 ἐπιρροαί.
1649 2593 1696 2640 ..’

403 2688 508 2730 Rem
539 2687 785 2730 institutam
815 2698 941 2739 porro
971 2688 1132 2728 tractat
1162 2684 1270 2726 Mar.
1293 2683 1453 2726 Victor.
1478 2687 1604 2736 63,29
1638 2686 1709 2737 (ex
1740 2686 1887 2739 Iuba):

222 2759 289 2808 ‘at
318 2776 413 2807 cum
444 2762 665 2817 dactylicis
696 2761 971 2815 anapaestica
1002 2759 1220 2803 sociantur
1250 2758 1460 2811 similiter,
1493 2755 1737 2816 ἐπιπλοκὴν
1769 2757 1989 2817 δυαδικὴν
2020 2760 2299 2818 τετράσημον
2330 2763 2507 2817 faciunt,
2540 2768 2588 2806 ut

758 2852 879 2881 arma
909 2838 1128 2891 virumque
1158 2848 1285 2879 cano:

230 2916 328 2960 huic
356 2916 394 2960 si
424 2917 680 2960 accesserint
711 2915 819 2958 duae
851 2914 1019 2967 breves,
1051 2912 1124 2956 fiet
1154 2912 1492 2966 anapaesticum‚
1524 2916 1571 2956 ut

757 2992 859 3035 ades
890 3003 1012 3035 arma
1040 2990 1259 3045 virumque
1289 3001 1418 3033 cano:

229 3082 378 3115 rursus
408 3070 576 3114 adiecta
605 3070 733 3124 longa
762 3068 839 3112 fiet
868 3067 1143 3123 dactylicum,
1175 3070 1223 3109 ut

755 3157 832 3199 pro
864 3144 965 3187 ades
996 3156 1116 3186 arma
1145 3143 1367 3197 virumque
1398 3137 1528 3186 cano?

403 3263 436 3307 ¹⁸⁸)
460 3261 504 3297 cf.
532 3261 572 3297 Ο.
599 3260 735 3304 Hense,
761 3257 1052 3295 Heliodoreische
1076 3256 1417 3301 Untersuchungen‚
1449 3267 1485 3301 p.
1514 3257 1594 3301 102;
1630 3256 1718 3292 Iuba
1742 3256 1839 3301 apud
1863 3257 1954 3293 Mar.
1982 3258 2115 3293 Victor.
2144 3258 2194 3294 VI
2226 3261 2306 3304 94,6
2332 3271 2414 3306 sqq.

381 3320 432 3367 **)
456 3318 622 3367 Aeschyl.
647 3317 744 3364 apud
767 3315 906 3353 Nauck.
936 3315 1044 3360 Trag.
1069 3315 1195 3360 fragm.
1221 3324 1255 3359 p.
1273 3315 1330 3350 35.
1361 3313 1404 3350 cf.
1431 3314 1538 3350 etiam
1562 3313 1652 3349 Mar.
1680 3313 1772 3350 Plot.
1791 3313 1842 3349 VI
1867 3316 1970 3360 518‚7
1987 3314 2038 3361 Κ,
2074 3316 2132 3352 ubi
2158 3316 2201 3352 de
2225 3328 2317 3363 puro
2341 3318 2492 3355 iambico
2517 3319 2683 3356 trimetro

232 3379 343 3417 verba
364 3379 462 3416 facit.
