2915 3831
1424 118 1478 158 25

242 334 245 341 .
1409 288 1491 334 11¹³.

262 362 266 367 s
320 366 349 378 ³
405 372 449 430 ξ.
470 378 583 434 Τοῦ
613 371 868 431 Αἰσχύλου·

259 494 266 497 .
528 469 532 473 ’
754 451 1025 511 μελεόπονος
1052 451 1351 512 μελεοπαθής·
1383 454 1514 510 (Sept
1547 467 1581 498 c.
1613 453 1744 498 Theb.
1776 465 1815 497 v.
1850 449 1951 505 963)

231 535 464 620 τρίμετρος
475 538 512 595 ³)
541 533 926 594 καταληπτικός-4)·
963 542 1182 591 μετρεῖται
1211 530 1299 592 γὰρ
1329 532 1490 587 οὕτως·
1529 532 1705 591 μελε65)
1736 540 1920 590 χορεῖος,
1950 529 2131 585 πονοςθ)
2165 531 2342 585 ἴαμβος·
2374 526 2560 580 πονοςῚ)
2591 520 2677 581 γὰρ

230 604 406 668 μακρὸν
445 604 521 653 διὰ
562 603 615 651 τὰ
656 604 741 650 δυο
781 603 1026 661 σύμφωνα·
1065 608 1192 660 μελεο
1206 606 1240 658 ⁸)
1278 603 1413 648 πάλιν
1442 613 1635 661 χορεῖος,
1674 601 1824 658 παθής
1835 602 1870 655 ⁹)
1900 599 2034 643 πάλιν
2067 602 2243 653 ἴαμβος·
2284 593 2448 651 ωραῖος
2490 587 2621 645 οὗτος
2651 589 2675 637 ὃ

230 675 454 737 ἡμίαμβος
483 678 558 722 καὶ
589 673 645 722 οὐ
674 672 786 720 κατὰ
815 671 923 727 τοὺς
952 672 1149 730 ανωθεν,
1180 675 1260 719 ἕνα
1290 683 1469 732 χορεῖον
1498 674 1628 719 καὶ”
1601 691 1682 719 ενα
1713 675 1891 730 ἴαμβον,
1921 668 1996 716 καὶ
2025 666 2160 714 παλιν
2189 686 2269 713 ενα
2300 674 2478 724 χορεῖον
2502 662 2623 710 καὶ”
2598 680 2677 709 ενα

230 752 395 805 ἴαμβον
426 744 679 805 δεχόμενος.

410 820 502 862 Τοῦ
532 813 695 862 αὐτοῦ·

755 888 833 927 ἴτω
863 880 992 939 γόος,
1024 887 1102 926 ἴτω
1134 879 1330 939 δάκρυα·
1369 884 1426 938 (v.
1461 883 1561 937 964)

230 983 463 1040 τρίμετρος
502 975 816 1034 ἇκατάληκτος.
859 984 1080 1034 μετρεῖται
1118 971 1204 1033 γὰρ
1236 973 1398 1030 οὕτως·
1432 981 1508 1021 ἴτω
1540 978 1720 1034 ἴαμβος,
1753 973 1859 1033 γόος
1891 980 1911 1019 ἴ
1937 981 2130 1032 χορεῖος,
2169 989 2231 1017 τω
2264 970 2407 1027 δάκρυ
2439 968 2679 1022 δάκτυλος·

194 1053 196 1056 ⁴
230 1047 324 1097 εἶτα
353 1045 382 1110 ἡ
412 1044 592 1107 περιττὴ
625 1045 838 1104 συλλαβή.

411 1123 502 1165 Τοῦ
534 1116 697 1164 αὐτοῦ·

754 1191 906 1239 ἔκανες
936 1191 1115 1239 ἔθανες·
1148 1188 1203 1241 (v.
1238 1187 1340 1242 965)

233 1286 438 1340 δίμετρος
480 1285 618 1337 σῶος,
660 1278 682 1325 ὁ
723 1280 798 1324 καὶ
836 1279 1056 1336 διχόρειος
1084 1276 1112 1336 ἢ
1143 1275 1348 1336 χορειακὴ
1387 1283 1684 1324 ταυτοποὸία·
1724 1288 1943 1334 μετρεῖται
1985 1273 2071 1334 γὰρ
2109 1274 2273 1329 οὕτως·
2313 1278 2465 1327 ἔκανες
2494 1281 2678 1330 χορεῖος,

231 1355 392 1405 ἔθανες
421 1359 606 1409 χορεῖος.

410 1422 502 1464 Τοῦ
533 1415 698 1476 αὐτοῦ·

754 1490 852 1533 αἰαῖ
879 1487 923 1532 ἐέ
934 1487 986 1544 1⁰)
1018 1486 1074 1544 (V.
1110 1488 1211 1543 966)

236 1581 310 1628 καὶ
343 1573 481 1634 οὗτος
512 1582 739 1638 δίμετρος,
772 1576 1087 1637 ἀλλ’ἀνόμοιος
1117 1588 1209 1632 τοῖς
1236 1580 1490 1636 προτέροις·
1522 1580 1571 1623 ἐν
1602 1580 1683 1635 μὲν
1713 1583 1766 1636 τῇ
1796 1577 1948 1636 πρώτῃ
1979 1577 2101 1637 χώρᾳ
2133 1579 2373 1620 σπονδεῖον
2405 1576 2597 1631 δέχεται,
2630 1576 2678 1616 ἐν

231 1651 281 1696 δὲ
315 1654 369 1709 τῇ
401 1652 587 1710 δευτέρᾳ
617 1654 870 1707 πυρρίχιον,
899 1647 980 1694 τὸν
1012 1653 1174 1705 ἴαμβον
1203 1646 1456 1703 ἀποβαλών.

406 1779 433 1825 ¹)
457 1756 551 1814 τούτ
568 1777 606 1815 0.
655 1778 691 1814 Is
720 1777 782 1824 qui
807 1776 938 1813 librum
964 1776 1173 1812 Chisianum
1198 1776 1357 1823 scripsit,
1390 1777 1470 1814 vide
1494 1787 1601 1823 quam
1626 1777 1781 1815 fideliter
1805 1777 1848 1814 de
1873 1776 2036 1823 exemplo
2059 1776 2137 1822 illo,
2171 1787 2242 1822 quo
2266 1774 2451 1820 utebatur,
2475 1773 2675 1811 rettulerit!

238 1838 266 1884 ²)
292 1838 432 1883 ἴαμβον
457 1837 517 1873 hic
543 1837 668 1873 eodem
691 1836 797 1872 modo
821 1839 1032 1880 usurpatur,
1058 1845 1128 1879 quo
1151 1833 1192 1869 fit
1216 1835 1324 1870 veluti
1348 1836 1443 1880 apud
1466 1836 1717 1880 Heliodorum,
1751 1835 1796 1870 cs.
1821 1834 1860 1870 Ο.
1886 1834 2019 1879 Hense,
2043 1833 2226 1870 Heliodor.
2249 1833 2467 1870 Untersuch.
2492 1844 2528 1878 p.
2554 1834 2600 1868 84
2624 1844 2675 1877 sq.

229 1907 263 1950 ³)
302 1902 551 1950 τετράμετρος
575 1906 668 1942 falso
696 1905 733 1940 C.
791 1906 819 1949 ⁴)
853 1905 922 1939 inc.
950 1903 980 1938 C
1009 1903 1069 1938 fol.
1095 1904 1178 1938 54¹.
1236 1903 1269 1948 ⁵)
1300 1903 1412 1948 μέλεο
1440 1904 1478 1940 C.
1535 1903 1570 1951 ὅ)
1595 1900 1715 1945 πόνος
1743 1904 1779 1940 C.
1841 1904 1872 1949 ¹¹)
1899 1893 2010 1945 τόνῖς
2037 1902 2073 1939 C.
2132 1902 2164 1947 Β)
2191 1901 2302 1947 μέλεο
2332 1901 2369 1939 C.
2420 1902 2447 1947 9)
2471 1893 2605 1947 ruffi-fic
2641 1901 2677 1938 C.

234 1962 279 2012 ¹⁰)
305 1961 392 2000 αἲαῖ
415 1959 459 2000 ἔέ
484 1961 521 2011 C,
547 1962 591 2001 de
617 1972 770 2010 quarum
793 1960 1079 1999 interiectionum
1103 1961 1278 2009 scriptura
1300 1962 1394 1999 infra
1417 1962 1623 2000 videbimus.

410 2048 461 2091 In
493 2047 715 2104 particulis
746 2046 815 2088 11·
845 2049 887 2088 et
917 2044 998 2099 11¹³,
1039 2046 1192 2102 quibus
1232 2058 1370 2100 neque
1409 2059 1488 2101 par
1526 2059 1661 2100 neque
1702 2047 1840 2089 simile
1878 2046 2108 2100 quidquam
2146 2047 2309 2097 inveni,
2349 2047 2459 2087 mira
2499 2057 2549 2087 ac
2589 2045 2677 2087 fere

232 2120 384 2160 insana
405 2119 636 2172 praebetur
657 2117 862 2168 doctrina,
895 2129 1002 2168 quae
1033 2117 1087 2157 ab
1109 2117 1288 2168 illorum,
1320 2129 1426 2169 quos
1457 2117 1661 2169 novimus,
1694 2118 1746 2160 de
1778 2130 1823 2160 re
1849 2117 2026 2159 metrica
2047 2116 2300 2169 scriptorum
2321 2115 2485 2169 legibus
2504 2127 2678 2169 prorsus

228 2188 459 2244 discrepat.
513 2183 698 2242 Μέτρον
729 2185 854 2241 enim,
888 2185 925 2231 si
955 2185 1111 2231 codicis
1135 2184 1171 2232 C
1197 2185 1444 2232 auctoritati
1474 2184 1578 2231 fides
1610 2185 1807 2232 habenda
1833 2187 1911 2241 est,
1943 2185 1987 2230 in
2009 2184 2253 2242 compositis
2275 2182 2488 2241 significat
2508 2182 2678 2241 pedem;

229 2259 440 2315 δίμετρον
474 2258 605 2313 igitur
636 2252 845 2311 ἰαμβικὸν
876 2268 1021 2300 versus
1054 2260 1118 2299 est
1149 2257 1340 2310 duorum,
1372 2260 1607 2313 τρίμετρον
1628 2259 1756 2301 trium
1776 2258 1931 2312 pedum
1953 2258 2243 2310 iambicorum,
2276 2258 2387 2310 quod
2409 2258 2445 2298 si
2467 2257 2680 2309 integrum

228 2330 316 2373 sive
347 2329 641 2379 acataIectnm,
673 2328 785 2382 quod
816 2327 945 2380 vulgo
975 2330 1164 2379 vocatur,
1196 2331 1276 2379 est,
1308 2329 1429 2369 σῶον
1460 2328 1658 2382 appellat.
1707 2328 1869 2370 Deinde
1901 2341 1927 2369 a
1949 2329 2070 2369 σῶον
2089 2326 2305 2381 profectus
2326 2331 2477 2369 auctor
2495 2330 2677 2368 metrum

226 2400 436 2453 semipede
466 2402 657 2449 auctum,
699 2398 810 2449 quod
847 2398 974 2449 vulgo
1011 2397 1157 2439 dicunt
1197 2390 1586 2451 ὑπερκατάληκτον
1628 2400 1690 2449 εἰς
1722 2392 1964 2453 συλλαβὴν,
2000 2398 2194 2441 nominat
2230 2391 2557 2451 ἀκατάληκτον;
2594 2408 2678 2440 uno

225 2469 330 2525 pede
360 2467 496 2512 maius
527 2478 654 2522 quam
686 2467 807 2510 σῶον
837 2470 963 2511 vocat
993 2462 1327 2520 καταληπτικόν.

397 2549 521 2592 Hanc
560 2549 786 2592 materiam
826 2549 906 2592 etsi
947 2553 1125 2603 apparet
1166 2549 1220 2592 ab
1260 2561 1343 2591 uno
1384 2553 1556 2592 auctore
1596 2562 1690 2593 esse
1729 2550 2030 2605 compositam,
2072 2554 2216 2593 tamen
2255 2561 2339 2591 non
2380 2560 2516 2603 aequo
2553 2549 2678 2592 modo

225 2623 362 2663 totam
402 2619 604 2673 scriptam
644 2630 738 2662 esse
775 2617 899 2661 facile
929 2617 1203 2671 intellegitur.
1273 2617 1384 2660 Nam
1413 2622 1714 2673 praeterquam
1759 2619 1871 2674 quod
1912 2624 2062 2662 auctor
2092 2620 2136 2661 in
2167 2618 2380 2672 particula
2410 2619 2480 2661 Π·
2510 2619 2680 2673 scripsit

225 2684 279 2733 τὰ
314 2682 555 2745 ἡμιάμβεια
590 2693 633 2733 et
669 2693 896 2744 propterea
926 2688 1122 2742 deinceps
1161 2689 1410 2743 τρίμετρον
1538 2689 1763 2744 δίμετρον
1795 2722 1884 2744 ...,
1922 2690 1966 2731 in
1996 2688 2206 2744 particula
2237 2692 2382 2731 autem
2419 2687 2488 2732 IIb
2520 2684 2543 2732 ὁ
2582 2683 2681 2745 ἡμί-

226 2760 366 2815 αμβος
397 2762 441 2803 et
469 2759 550 2803 hac
570 2760 622 2803 de
656 2771 786 2803 causa
805 2760 1021 2814 τρίμετρο
1038 2774 1141 2809 ς
1174 2758 1398 2812 δίμετρος
1420 2790 1506 2812 ...,
1539 2759 1650 2802 hanc
1681 2759 1862 2802 alteram
1892 2760 2017 2814 longe
2047 2760 2174 2802 aliter
2204 2763 2335 2814 atque
2358 2761 2682 2813 praecedentem

225 2829 460 2884 congessit3
502 2830 546 2872 in
586 2830 727 2884 priore
767 2830 881 2872 enim
921 2842 1014 2871 cum
1052 2841 1126 2871 suo
1164 2827 1358 2883 quodque
1388 2833 1570 2872 metrum
1601 2830 1723 2883 signo
1754 2830 1924 2873 notavit
1956 2834 1999 2872 et
2030 2831 2127 2873 inde
2158 2843 2183 2873 a
2215 2831 2412 2874 trimetro
2444 2835 2559 2875 certa
2589 2831 2681 2884 lege

224 2911 358 2955 usque
399 2899 455 2942 ad
494 2899 721 2944 dimetrum
753 2899 1046 2942 catalecticum
1076 2897 1304 2950 descendit,
1345 2898 1524 2941 alteram
1553 2911 1639 2943 uno
1672 2912 1847 2943 numero
1879 2901 1910 2950 ξ
1943 2912 2046 2943 usus
2078 2901 2168 2942 eius
2200 2900 2375 2953 ordinis,
2405 2913 2531 2954 quem
2562 2901 2606 2943 in
2636 2901 2682 2943 Ι·

200 2972 437 3023 servavit,
477 2972 642 3015 ratione
681 2972 852 3015 omnino
892 2983 977 3014 non
1018 2970 1187 3021 habita,
1228 2970 1350 3022 quasi
1389 2970 1432 3012 in
1473 2971 1706 3024 appendice
1739 2972 1915 3016 addidit.
1977 2972 2178 3015 Fortasse
2209 2972 2342 3026 igitur
2371 2972 2583 3027 particula
2614 2970 2681 3016 IIb

228 3042 479 3097 deprompta
510 3045 576 3085 est
607 3053 658 3086 ex
689 3042 932 3096 antiquiore
962 3040 1102 3096 aliquo
1134 3039 1321 3098 metrico,
1353 3039 1424 3095 qui
1451 3040 1785 3085 descendentem
1807 3042 1964 3085 sensim
1986 3043 2225 3096 sensimque
2247 3042 2510 3084 deminutum
2533 3041 2682 3097 rhyth-

226 3124 342 3156 mum
387 3111 585 3166 exemplo
628 3111 880 3167 Aeschyleo,
907 3111 1219 3161 illustraverat,
1272 3109 1392 3151 cuius
1437 3110 1481 3152 in
1526 3110 1665 3153 locum
1708 3117 1859 3166 postea
1907 3111 2174 3156 Christianus
2218 3112 2344 3155 homo
2389 3112 2583 3167 exempla
2628 3126 2680 3156 ex

228 3181 470 3227 Christiano
509 3186 636 3237 poeta
676 3183 812 3237 petita
853 3181 1085 3226 substituit.
1157 3180 1224 3223 Ad
1264 3179 1375 3222 hanc
1413 3180 1654 3236 opinionem
1694 3182 1798 3225 illud
1837 3195 2003 3238 quoque
2043 3183 2248 3237 quadrat,
2290 3182 2401 3237 quod
2440 3183 2679 3236 antiquiore

226 3253 351 3298 modo
382 3256 425 3297 et
454 3265 570 3296 more
600 3254 848 3308 τρίμετρος
878 3250 1129 3295 vocabulum
1161 3253 1240 3294 etc.
1273 3250 1429 3305 legitur
1458 3251 1512 3296 ad
1543 3252 1824 3309 Aeschyleum
1857 3252 2093 3308 exemplum
2120 3253 2395 3308 adscriptum,
2427 3254 2678 3309 τρίμετρον

225 3328 306 3370 etc.
339 3324 395 3368 ad
426 3322 732 3368 Christianum.
784 3322 972 3375 Accedit,
1006 3321 1119 3377 quod
1148 3322 1193 3365 in
1224 3318 1293 3364 IIb
1320 3320 1524 3378 scriptum
1561 3324 1778 3369 invenitur
1815 3317 1979 3380 ὡραῖος
2016 3314 2148 3376 οὗτος
2186 3318 2209 3367 ὁ
2247 3318 2469 3380 ἡμίαμβος
2498 3322 2585 3367 καὶ
2616 3319 2681 3368 οὐ

2321 3398 2348 3437 4
