2915 3831
1446 106 1504 170 as

194 316 197 319 ,
251 249 464 311 communi
494 265 612 310 fonte
652 264 867 309 derivatos
908 275 1005 309 esse
1048 264 1133 307 etsi
1172 264 1358 308 dubitari
1397 266 1567 320 nequit,
1612 270 1757 310 tamen
1798 265 2039 309 accuratius
2080 264 2233 309 ceteris
2276 276 2372 308 cum
2412 264 2701 320 manuscripto

252 334 456 382 Ghisiano
486 335 758 380 consentiunt
786 332 935 378 Helias
964 337 1010 378 et
1039 333 1508 389 Pseudo-Plutarchum·
1538 336 1822 391 qui‘uterque
1852 335 1906 379 ad
1937 334 2042 379 illud
2071 338 2162 378 tam
2192 346 2323 390 prope
2352 334 2515 379 aceedit
2528 367 2539 388 ,
2569 338 2618 378 ut
2647 347 2701 379 ne

0 418 22 452 J·
56 428 59 430 ·
251 405 360 451 vitia
401 405 572 461 quidem
614 404 761 448 eadem
800 404 1038 448 evitaverit.
1099 403 1158 446 At
1198 408 1393 447 octavum
1433 403 1772 450 differentiarum
1801 418 1935 459 genus
1948 438 1958 458 ,
1998 404 2110 458 quod
2139 403 2283 448 ferunt
2312 400 2602 459 προβάθμιον
2633 404 2701 448 vel

48 490 51 493 ·
252 467 746 532 {mecddcffizmosustg
764 474 897 521 habet
916 472 1110 519 Triclinii
1132 474 1264 533 codex}
1282 473 1530 529 Bet-nensis)
1550 476 1618 520 vel
1638 470 1935 531 κλιμακωτόν,
1956 473 2037 518 soli
2057 472 2388 518 Pseudo-Draco
2408 478 2453 518 et
2475 473 2701 518 Triclinius

253 543 477 598 exhibent;
509 545 564 589 cf.
595 545 823 589 eorundem
851 557 986 600 genus
1018 556 1175 588 nonum
1204 544 1549 601 (ἐμπερίβολον).
1889 560 1900 571 ·

431 625 463 669 ¹)
489 624 559 659 inc.
587 624 624 660 Ο.
647 624 710 660 fol.
735 626 826 660 55⁴¹.
876 624 910 669 ²)
936 619 1137 669 διαφόρων
1164 623 1201 658 C.
1248 623 1284 669 3)
1309 618 1531 668 ὗπόριθμον
1558 624 1595 659 Ο.
1643 624 1678 668 ⁴)
1705 619 1951 669 προβᾶθμιον
1968 633 2014 658 ex
2031 622 2204 659 Triclinio
2219 623 2405 669 arcessivi3
2431 619 2702 670 προςβάθμιον

257 726 295 763 C.
343 727 376 772 ⁶)
402 694 476 763 ὄπς
512 729 550 764 G.
600 728 628 774 ὅ)
653 733 715 764 aut
740 694 883 773 εὖμετρ
912 733 976 763 aut
1001 693 1137 772 ἔνμετρ
1176 727 1214 762 G.
1273 729 1299 772 ⁷)
1325 723 1574 773 ὀλβιόδαιμον
1602 728 1639 763 Ο.
1691 728 1723 772 ⁸)
1758 728 1828 763 inc.
1853 728 1892 763 0.
1917 727 1978 762 fol.
2005 729 2077 763 56r.
2129 727 2157 771 ⁹)
2183 726 2396 764 Conferendi
2428 727 2583 765 fortasse
2619 733 2703 765 sunt

253 783 293 822 hi
315 796 439 824 versus
463 784 605 825 Iliadis:
630 787 664 824 A
692 787 769 834 102,
794 785 830 823 H
854 785 935 834 322,
952 783 994 834 ,N
1020 786 1098 822 112.
1150 784 1198 831 ¹⁰)
1224 789 1289 822 aut
1314 778 1400 821 εὖθ’
1424 790 1488 821 aut
1514 779 1595 821 ἐσθ’
1623 784 1661 822 0.
1710 784 1832 821 Verba
1857 789 2027 830 corrupta
2051 784 2219 820 videntur
2243 794 2332 821 esse.

1405 903 1428 961 g
1464 903 1553 949 16¹².

430 1010 645 1065 Congesta
686 1014 787 1055 sunt
831 1010 876 1054 in
916 1011 997 1054 hac
1032 1010 1303 1066 paragrapho
1340 1023 1500 1066 pauca,
1543 1022 1652 1065 quae
1695 1010 1955 1053 sescentiens
1996 1009 2109 1063 apud
2140 1009 2403 1064 Byzantinos
2436 1014 2620 1061 exstant,
2652 1010 2703 1053 de

254 1079 443 1136 pedibus,
480 1092 586 1136 quos
618 1092 767 1124 versus
798 1081 994 1123 heroicus
1024 1081 1215 1135 recipiat.
1275 1081 1433 1134 Incipit
1472 1081 1530 1122 Οἱ
1564 1075 1753 1134 ἡρωϊκοὶ
1794 1082 1936 1133 στίχοι
1976 1073 2036 1128 ὥς
2076 1076 2146 1120 ἐπὶ
2176 1072 2226 1120 τὸ
2258 1081 2467 1121 πλεῖστον
2497 1081 2704 1133 γίνονται

253 1178 656 1193 ..........
690 1151 846 1193 desinit
875 1145 929 1193 τὰ
962 1145 1000 1193 δ’
1034 1147 1145 1193 ἄλλα
1163 1148 1320 1193 πάντα
1352 1149 1521 1204 δέχεται
1553 1143 1576 1193 ὁ
1608 1143 1802 1205 ἡρωϊκὸς
1833 1149 1991 1204 στίχος.

1422 1276 1445 1333 ς
1481 1281 1546 1320 17.

427 1371 628 1428 Sequitur
657 1371 710 1417 de
742 1372 921 1426 pedibus
951 1375 1091 1427 caput,
1122 1371 1235 1427 quod
1264 1371 1455 1416 minutiis
1486 1370 1674 1426 exceptis
1705 1370 1939 1425 leviterque
1971 1371 2148 1414 mutatis
2181 1371 2387 1425 exemplis
2418 1371 2462 1413 in
2494 1372 2703 1414 collectio-

254 1441 379 1487 nibus
409 1441 662 1498 Byzantinis
693 1442 864 1498 saepius
894 1442 1093 1487 occurrit,
1153 1442 1308 1496 Incipit

597 1514 604 1519 ¹
1158 1523 1272 1578 Περὶ
1302 1525 1457 1567 ποδῶν
1489 1520 1787 1577 δισυλλάβων.

429 1602 557 1657 Πούς
568 1604 602 1661 1)
633 1605 724 1650 ἐστι
755 1601 966 1663 μετρικὸν
997 1602 1200 1662 σύστημα
1231 1607 1487 1661 συλλαβῶν·
1520 1599 1543 1649 ὁ
1575 1602 1657 1660 μὲν
1688 1599 1858 1655 ἁπλοῦς
1889 1601 1973 1647 δύο
2005 1598 2032 1660 ἢ
2065 1603 2140 1647 καὶ
2169 1606 2321 1660 τριῶν,
2354 1599 2378 1647 ὁ
2407 1603 2456 1648 δὲ
2478 1602 2700 1657 σύνθετος

256 1670 343 1719 ἀπὸ
365 1671 594 1731 τεσσάρων
615 1674 765 1731 μέχρις
784 1675 852 1727 ἕξ·
883 1672 1018 1726 πόδες
1048 1673 1163 1718 εἰσὶν
1193 1670 1329 1718 ἁπλοῖ
1357 1676 1640 1729 δυοκαίδεκα,
1673 1665 1738 1717 ῶν
1761 1671 2025 1729 δισύλλαβοι
2056 1673 2138 1729 μὲν
2160 1673 2379 1730 τέσσαρες,
2411 1673 2701 1730 τρισύλλαβοι

256 1754 306 1800 δὲ
327 1751 457 1811 ὀκτὼ,
486 1753 836 1813 τετρασύλλαβοι
859 1756 909 1800 δὲ
930 1754 1380 1812 ις’,’πεντασύλλαβοι
1412 1755 1461 1800 δὲ
1491 1740 1534 1811 2:
1561 1752 1854 1810 ἑξασύλλαβοι
1887 1753 1936 1798 δὲ
1968 1745 2045 1808 ξδ’.
2073 1755 2148 1799 καὶ
2179 1753 2442 1810 δισύλλαβοι
2467 1755 2549 1811 μὲν
2580 1758 2675 1801 οἵδε
2691 1769 2700 1778 ·

255 1837 492 1890 σπονδεῖος
531 1836 580 1881 ἐκ
617 1833 701 1881 δύο
745 1838 930 1894 μακρῶν
963 1853 1016 1872 =
1047 1834 1362 1894 τετράχρονος·
1414 1831 1513 1878 οἷον
1551 1826 1688 1891 ξῖραῖς·
1720 1838 1954 1890 πυρρίχιος
1993 1836 2040 1879 ἐκ
2086 1835 2170 1878 δύο
2202 1839 2424 1891 βραχειῶν
2468 1839 2700 1891 δίχρονος·

255 1925 356 1973 οἷον
385 1912 519 1988 λέγος
539 1935 618 1974 etc.
642 1936 722 1974 etc.
745 1931 913 1973 Desinit
934 1931 1152 1985 ἐπίτριτος
1171 1930 1376 1984 τέταρτος
1395 1931 1443 1971 ἐκ
1461 1933 1599 1984 τριῶν
1615 1932 1800 1984 μακρῶν
1820 1944 1879 1970 Ξ
1899 1930 1973 1972 καὶ
1999 1934 2206 1984 βραχείας
2229 1955 2253 1974 υ
2285 1928 2577 1985 ἑπτάχρονος·
2600 1926 2699 1975 οἷον

255 2006 553 2077 Καλλῗξεῖνος.
620 2019 679 2068 Τὸ
694 2022 728 2080 2)
770 2022 820 2067 δὲ
855 2026 946 2066 τῶν
975 2024 1131 2066 ποδῶν
1162 2021 1400 2079 ἐπώνυμον
1431 2023 1501 2066 ἐπὶ
1531 2026 1711 2066 πολλῶν
1742 2021 1961 2066 τάττεται·
2003 2023 2076 2065 καὶ
2108 2023 2178 2065 ἐπὶ
2207 2025 2299 2065 τῶν
2330 2018 2591 2079 ἀνθρώπων
2621 2024 2697 2067 καὶ

256 2093 327 2138 ἐπὶ
368 2096 459 2137 τῶν
498 2090 678 2151 ἀλόγων
710 2091 860 2148 ζώων,
901 2092 975 2136 καὶ
1015 2092 1085 2136 ἐπὶ
1122 2096 1203 2137 τοῦ
1239 2096 1463 2148 πηδαλίου
1503 2096 1580 2149 τῆς
1610 2089 1720 2148 νηὸς
1751 2094 1808 2147 (C
1835 2094 1894 2138 fol
1928 2095 2024 2147 57')
2056 2092 2130 2137 καὶ
2162 2092 2232 2137 ἐπὶ
2246 2126 2403 2138 ......
2420 2093 2455 2148 3)
2487 2112 2566 2147 ους
2595 2093 2702 2139 ποδὶ

257 2163 518 2220 διαλέγεται,
550 2163 624 2208 καὶ
654 2163 725 2209 ἐπὶ
754 2166 845 2207 τῶν
877 2166 1109 2220 στοιχείων
1140 2163 1238 2219 (sic)
1270 2162 1319 2207 δὲ
1350 2158 1514 2220 ὁμοίως
1543 2162 1727 2220 λέγεται.

428 2235 650 2279 Invenitur
670 2235 777 2279 haec
797 2234 1091 2290 paragraphus
1113 2234 1226 2288 apud
1248 2234 1444 2276 Isaacum
1466 2235 1724 2277 Monachum
1744 2236 1787 2277 in
1810 2235 1983 2277 Bachm.
2007 2236 2162 2277 Anecd.
2193 2247 2334 2287 graec.
2367 2237 2424 2288 II,
2461 2240 2704 2289 177—179,

255 2305 760 2360 Pseudo-Moschopulum
791 2318 830 2358 p.
866 2309 936 2347 49.
978 2308 1047 2358 50,
1089 2317 1185 2347 cum
1224 2318 1306 2359 quo
1347 2306 1400 2347 ad
1430 2305 1606 2348 verbum
1643 2306 1842 2348 convenit
1873 2305 1961 2348 cod.
1994 2305 2144 2349 Venet.
2177 2304 2381 2349 Marcian.
2415 2306 2537 2351 class.
2571 2306 2644 2360 XI,
2682 2311 2700 2351 1

255 2374 325 2418 fol.
361 2378 431 2417 26r
460 2377 569 2418 med.
603 2400 657 2405 —
689 2375 760 2418 fol.
795 2378 868 2417 26*
905 2374 1029 2426 med.,
1060 2374 1104 2417 in
1137 2373 1325 2418 Crameri
1356 2374 1557 2418 Anecdot.
1594 2386 1733 2429 graec.
1765 2374 1948 2418 Parisin.
1981 2387 2018 2429 p.
2057 2377 2153 2419 383.
2188 2378 2285 2428 384,
2318 2376 2435 2420 alibi.

431 2454 457 2499 ¹)
484 2454 592 2496 Ποῦς
618 2453 655 2491 C.
684 2474 727 2480 —
752 2453 1030 2491 Pseudo—Draco
1055 2465 1091 2500 p.
1120 2455 1199 2501 127,
1224 2454 1268 2490 8:
1296 2449 1404 2496 Πούς
1431 2449 1507 2489 ἐστι
1531 2454 1715 2500 μετρικῶν
1740 2449 1910 2499 σύστημα
1936 2454 2141 2500 συλλαβῶν,
2169 2450 2210 2488 ἐν
2236 2453 2296 2495 αῖς
2322 2456 2554 2501 γνωρίζομεν
2572 2453 2613 2490 τὸ
2633 2458 2701 2491 τοῦ

254 2509 394 2557 μέτρου
420 2508 522 2553 εἶδός
544 2524 583 2547 τε
610 2511 675 2546 καὶ
700 2510 889 2557 μέγεθος;
915 2513 957 2547 cf.
983 2512 1091 2547 etiam
1117 2513 1309 2548 Grammat.
1334 2513 1555 2548 Ambrosian.
1581 2514 1617 2548 in
1642 2513 1797 2548 Nauckii
1822 2514 1944 2548 Lexic.
1971 2513 2125 2548 Vindob.
2150 2524 2186 2558 p.
2213 2516 2293 2558 266,
2319 2514 2382 2549 ubi
2407 2515 2476 2549 hae
2501 2520 2536 2550 et
2570 2515 2706 2552 similes

254 2571 404 2614 insuper
427 2572 526 2614 pedis
541 2572 765 2608 definitiones
792 2572 962 2608 collectae
989 2576 1084 2616 sunt,
1108 2571 1218 2608 schol.
1244 2573 1288 2608 A.
1314 2571 1508 2617 Hephaest.
1534 2583 1568 2617 p.
1583 2573 1628 2608 22
1655 2571 1775 2618 (Gsf.),
1799 2570 1910 2609 schol.
1936 2571 1976 2608 B.
2002 2583 2037 2618 p.
2064 2572 2142 2617 163,
2170 2572 2223 2608 15.
2274 2572 2300 2618 ²)
2326 2572 2381 2609 De
2405 2572 2474 2610 hoc
2489 2572 2607 2610 frusto
2624 2573 2703 2610 vide

255 2626 402 2666 Triclin.
428 2639 465 2675 p.
490 2630 571 2676 317,
596 2630 722 2666 9—-11,
774 2628 800 2670 3)
828 2627 1031 2666 Nonnullae
1056 2628 1196 2666 litterae
1220 2629 1256 2665 in
1280 2629 1491 2676 apographo
1517 2629 1819 2666 studemundiano
1844 2639 1929 2665 casu
1953 2631 2149 2675 perierunt.

1420 2749 1443 2803 ξ
1478 2753 1542 2793 18.

431 2841 630 2894 Sequitur
671 2843 869 2896 deinceps
911 2843 955 2884 in
997 2844 1139 2886 codice
1172 2843 1371 2886 Chisiano
1415 2857 1583 2887 carmen
1614 2847 1783 2886 centum
1813 2856 2013 2886 versuum
2043 2846 2180 2887 metro
2211 2842 2393 2888 iambico
2424 2844 2696 2897 currentium,

253 2913 299 2956 in
341 2924 424 2967 quo
467 2912 655 2957 Joannes
700 2913 873 2967 quidam
914 2912 1129 2957 Cretensis
1159 2912 1417 2958 Botaniatae
1448 2913 1717 2968 cognomine,
1749 2912 1822 2967 qui
1854 2911 2082 2956 archivarii
2113 2913 2496 2969 (Ταβουλλαρίου)
2529 2926 2707 2958 munere

240 2981 534 3038 jungebatur,
574 2983 740 3028 Isidoro
784 2982 962 3027 diacono
1002 2986 1046 3026 et
1076 2983 1313 3027 archivario
1345 2982 1451 3026 Chio
1492 2983 1679 3027 eiusdem
1717 2983 1843 3026 metri
1872 2982 1988 3037 leges
2025 2983 2210 3037 exponit.
2273 2983 2365 3025 Hoc
2395 2995 2566 3026 carmen
2596 2984 2703 3026 alibi

252 3052 410 3107 publici
440 3053 544 3095 iuris
574 3053 667 3106 fiet,
699 3054 901 3106 quoniam
931 3054 1157 3107 angustiae
1188 3054 1317 3106 spatii
1348 3053 1446 3095 huic
1476 3053 1781 3106 programmati
1813 3052 2065 3095 scholastico
2104 3053 2291 3096 concessi
2322 3052 2570 3106 prohibent,
2602 3065 2705 3107 quo-

254 3123 395 3166 minus
432 3122 501 3166 hic
541 3122 793 3167 describam.
855 3122 958 3167 Post
1000 3122 1078 3167 hos
1118 3135 1265 3167 versus
1308 3122 1351 3167 in
1397 3122 1433 3168 G
1458 3126 1656 3167 secuntur
1687 3121 1866 3177 denique
1903 3121 2137 3166 christiana
2169 3125 2213 3166 et
2243 3126 2444 3178 excerpta
2474 3135 2526 3167 ex
2570 3123 2701 3167 variis

251 3191 515 3249 philosophis
546 3192 717 3249 aliaque
748 3193 793 3237 in
824 3192 994 3238 modum
1026 3192 1263 3250 ἐγκυκλίου
1293 3194 1508 3248 παιδείας,
1540 3204 1668 3248 quam
1698 3204 1911 3245 vocamus,
1943 3196 2158 3246 excerpta.

426 3263 607 3318 Propter
637 3263 821 3322 easdem,
851 3275 957 3318 quas
989 3264 1113 3305 modo
1143 3264 1243 3315 dixi,
1276 3265 1405 3316 spatii
1435 3264 1655 3315 angustias
1686 3264 1952 3314 Epimetrum
1983 3261 2055 3313 IV,
2087 3263 2199 3313 quod
2231 3276 2360 3315 supra
2390 3276 2431 3315 p.
2455 3267 2478 3305 5
2513 3276 2579 3306 me
2599 3264 2702 3306 sub-

252 3333 494 3376 iuncturum
525 3346 618 3376 esse
647 3335 835 3387 promisi,
869 3334 943 3375 alii
974 3334 1183 3376 occasioni
1216 3346 1417 3387 seponere
1448 3333 1607 3376 invitus
1639 3345 1781 3387 cogor.
