2915 3831
0 49 205 91 ,ς’-ζ’ψιζτμζ
231 44 297 61 ⁴
361 77 364 80 ,
383 55 451 90 ''2⁴‘'
579 53 599 68 2
628 62 664 69 ’κ
865 67 895 78 a·
926 85 930 88 ,
964 82 968 84 ,
1067 57 1071 59 ·
1106 63 1114 65 -
1237 71 1239 73 .
1286 66 1290 68 -
1356 50 1365 55 “
1472 60 1474 62 ·

0 90 53 121 ’μζ
98 93 164 124 ‘’²2²².-
197 88 227 121 ᾗ
351 101 375 111 «ι
420 96 453 108 ν·
503 95 521 116 s
604 109 628 122 .,
809 100 814 104 ·
1000 99 1005 101 <
1122 97 1144 105 ·=
1178 90 1181 94 ·
1218 90 1261 114 ἰὰ
1470 98 1473 100 Δ

1 118 71 143 ’³1³‘
85 114 255 157 {1'‘'⁴3'-'³:«'''f
278 135 306 155 ‘.›
327 133 341 150 5,
376 132 392 139 ι,
493 138 495 140 ,
632 138 643 142 μ
689 148 694 152 Δ
924 130 926 132 ·
1443 104 1467 143 5
1521 145 1528 155 ι

1076 242 1248 286 scholia
1276 240 1316 285 B
1346 204 1599 296 antiquiora
1631 238 1710 293 (z
1742 237 1823 293 B¹)

469 568 594 608 aucta
622 301 2329 618 ΗΒΕᾸΧ

465 646 517 678 ex
551 635 756 689 quattuor
786 631 999 688 capitibus
2014 627 2187 671 exordio
2219 624 2337 681 (περὶ
2366 625 2524 667 ποδῶν
2555 623 2656 674 etc.)

618 701 842 745 enchiridii
2258 696 2414 738 omisso

1067 785 1194 823 aucta
1215 782 1428 833 excerptis
1450 795 1500 823 ex
1523 785 1618 823 octo
1639 780 1851 833 capitibus
2183 768 2537 902 Α

545 767 737 980 f
1107 849 1329 895 enchiridii
1351 864 1445 895 cum
1466 850 1533 895 his
1554 848 1610 895 ad
1631 848 1807 895 verbum

1279 919 1627 965 convenientibus
2105 917 2252 961 Helias
2384 915 2685 970 Moschopulus

224 991 386 1037 scholia
401 991 438 1035 B
460 990 698 1035 recentiora
722 989 795 1044 (z
810 988 885 1043 ΒΞ)
1150 988 1808 1223 AN

1070 1225 1209 1270 Draco
1365 1228 1537 1271 Isaacus
1698 1224 1925 1269 Triclinius

395 1329 546 1380 Neque
580 1333 725 1371 tamen
756 1329 1065 1382 Westphalius,
1100 1332 1181 1373 etsi
1213 1331 1620 1375 Pseudo-Draconis
1650 1329 1790 1374 Isaaci
1821 1326 2013 1371 Triclinii
2045 1325 2284 1369 libellorum
2315 1324 2524 1379 originem
2555 1327 2685 1379 atque

221 1397 568 1451 compositionem
599 1397 706 1440 artis
736 1395 892 1441 finibus
923 1398 1266 1453 circumscripsit,
1300 1399 1411 1444 hanc
1439 1399 1730 1455 quaestionem
1761 1397 1957 1442 omnibus
1988 1395 2176 1439 numeris
2201 1393 2399 1437 absolvit.
2451 1392 2563 1436 Nam
2588 1404 2683 1436 cum

219 1466 271 1511 de
302 1466 456 1511 ceteris
488 1465 710 1521 capitibus,
743 1466 897 1522 quibus
928 1471 1066 1511 metra
1096 1464 1365 1524 πρωτότυπα
1397 1472 1680 1524 exponuntur,
1712 1471 1830 1511 recte
1862 1466 2107 1520 explicaret,
2139 1468 2286 1507 tamen
2317 1463 2372 1507 de
2401 1474 2466 1515 eo,
2498 1463 2611 1516 quod
2640 1463 2684 1506 hi

220 1536 388 1580 metrici
427 1535 479 1577 de
518 1535 700 1578 iambico
730 1539 867 1578 metro
897 1536 1141 1590 proferunt,
1183 1537 1293 1580 falso
1331 1538 1546 1580 iudicavit.
1609 1537 1739 1580 Cuius
1770 1536 1924 1590 capitis
1955 1535 2174 1577 exordium
2205 1534 2268 1576 illi
2297 1538 2410 1585 tres,
2443 1544 2550 1586 quos
2581 1533 2682 1581 dixi,

218 1606 386 1650 metrici
416 1618 468 1649 ex
499 1605 731 1649 enchiridio
762 1617 848 1647 non
879 1611 1170 1661 sumpserunt;
1201 1608 1331 1651 immo
1361 1609 1442 1651 etsi
1474 1609 1668 1651 doctrina
1698 1608 1811 1649 inter
1847 1618 1891 1649 se
1931 1605 2219 1655 consentiunt,
2258 1609 2404 1648 tamen
2439 1601 2583 1646 verbis
2616 1602 2679 1646 ita

219 1676 333 1721 inter
364 1689 409 1720 se
440 1676 706 1730 discrepant,
736 1679 785 1719 ut
815 1675 1043 1721 Triclinius
1074 1690 1149 1732 pro
1180 1690 1256 1721 sua
1287 1682 1410 1734 parte
1441 1678 1565 1722 aliter
1595 1677 1833 1732 scripserit,
1866 1675 1992 1720 aliter
2022 1687 2115 1718 cum
2148 1675 2297 1719 Isaaco
2323 1672 2680 1725 Pseudo-Draco;

219 1744 273 1792 cf.
305 1745 356 1791 de
387 1758 438 1790 ea
468 1759 514 1791 re
540 1739 825 1801 ‘Epimetrum
855 1741 946 1801 IV',
978 1747 1089 1803 quod
1120 1748 1217 1792 huic
1247 1749 1392 1795 libello
1424 1749 1634 1794 subiunxi.

395 1865 454 1907 Vt
491 1864 534 1906 hi
577 1877 744 1916 omnes,
785 1877 892 1919 quos
931 1865 1056 1908 modo
1097 1867 1365 1918 enumeravi,
1408 1866 1539 1909 libelli
1580 1865 1745 1908 metrici
1783 1877 1834 1907 ex
1868 1876 1954 1906 una
1991 1863 2114 1916 quasi
2152 1865 2287 1905 matre
2319 1861 2403 1905 orti
2434 1861 2557 1915 eique
2586 1860 2681 1916 plus

180 1937 185 1942 '
219 1934 413 1976 minusve
453 1933 613 1976 similes
651 1936 793 1976 aetate
822 1933 1066 1988 Byzantina
1097 1934 1520 1987 circumferebantur,
1559 1935 1621 1977 ita
1653 1934 1762 1977 aliae
1793 1934 1885 1976 eius
1916 1932 2031 1975 modi
2060 1931 2331 1975 collectiones
2361 1930 2540 1983 fiebant,
2572 1942 2683 1985 quae

217 2014 304 2047 non
339 2007 428 2045 tam
461 2002 515 2046 ad
544 2014 678 2045 unum
708 2000 869 2046 fontem
899 2002 1166 2056 referendae,
1205 2015 1332 2059 quam
1362 2016 1413 2048 ex
1445 2004 1729 2059 compluribus
1761 2007 1988 2058 congestae
2018 2002 2235 2056 videntur,
2276 2013 2468 2057 quaeque
2500 2000 2568 2044 hic
2598 2001 2685 2044 illic

218 2072 263 2115 in
302 2072 659 2115 bibliothecarum
699 2072 876 2114 latebris
916 2073 1088 2115 abditae
1127 2074 1194 2115 vel
1234 2074 1320 2116 iam
1362 2074 1636 2127 depromptae
1673 2078 1772 2116 sunt
1808 2073 1875 2116 vel
1914 2073 2121 2126 paulatim
2161 2072 2476 2125 depromentur.
2539 2072 2682 2125 Atque

216 2141 318 2185 talis
354 2144 420 2184 est
459 2154 511 2183 ea
552 2141 744 2184 collectio
761 2175 771 2194 ,
810 2153 939 2194 quam
970 2141 1283 2195 Studemundus
1324 2156 1373 2185 ex
1415 2143 1555 2185 codice
1588 2141 1790 2185 Chisiano
1831 2142 1973 2191 (nobis
2006 2140 2086 2194 C),
2128 2153 2256 2194 quem
2296 2145 2423 2183 antea
2461 2140 2683 2194 descripsi,

218 2211 452 2257 arcessivit.
505 2209 658 2254 Totam
689 2214 831 2255 autem
857 2210 967 2255 hanc
991 2211 1214 2255 materiam
1239 2212 1282 2255 in
1307 2212 1600 2267 paragraphos
1626 2212 1686 2256 ita
1714 2212 1981 2264 distribuam,
2013 2215 2063 2254 ut
2088 2216 2131 2254 et
2155 2209 2422 2264 singulorum
2448 2214 2682 2255 metrorum

218 2293 422 2338 generum
452 2284 496 2323 et
526 2279 726 2333 fontium,
759 2292 810 2323 ex
840 2281 993 2334 quibus
1024 2281 1216 2335 singulae
1246 2285 1391 2335 partes
1423 2281 1675 2336 profluxisse
1708 2282 1956 2335 videantur,
1988 2282 2202 2325 rationem
2233 2281 2476 2334 habeam1).

1235 2409 1258 2465 ξ
1294 2415 1336 2454 1“
1368 2410 1425 2467 (0
1452 2411 1523 2455 fol.
1552 2411 1657 2466 48¹).

396 2504 491 2548 Duo
522 2504 805 2560 potissimum,
838 2507 1043 2559 quantum
1075 2504 1367 2560 circumspexi,
1400 2508 1572 2560 praeter
1599 2504 1849 2550 Chisianum
1880 2508 2052 2561 praesto
2083 2509 2182 2549 sunt
2212 2504 2367 2558 fontes,
2399 2504 2554 2559 quibus
2583 2502 2607 2560 ξ
2637 2508 2686 2548 1·

218 2576 484 2620 continetur:
516 2575 647 2618 codex
677 2575 986 2618 Ambrosianus
1020 2575 1052 2617 C
1085 2578 1167 2617 222
1202 2587 1292 2630 sup.
1328 2575 1397 2619 fol.
1430 2577 1622 2631 bombyc.
1656 2588 1765 2619 saec.
1798 2576 1918 2619 XIII.
1952 2576 2150 2629 scriptus,
2183 2576 2256 2628 qui
2286 2576 2330 2617 in
2355 2575 2532 2618 Heni-ici
2556 2576 2685 2618 Keilii

217 2646 437 2690 Analectis
477 2646 770 2699 grammaticis
802 2646 925 2689 Halis
963 2658 1076 2689 anno
1117 2649 1226 2689 1848
1266 2647 1380 2701 typis
1419 2647 1657 2701 descriptus
1697 2652 1763 2691 est
1800 2648 1858 2701 (p.
1892 2651 1918 2690 4
1950 2647 2078 2701 sqq),
2121 2650 2166 2690 et
2206 2645 2369 2689 scholia
2401 2644 2457 2688 13²
2487 2645 2684 2701 Hephae-

218 2716 386 2762 stionea
428 2728 451 2766 e
494 2716 639 2761 codice
678 2715 959 2761 Saibantiano
1002 2717 1227 2761 maximam
1268 2720 1435 2772 partem
1477 2715 1552 2772 (cf.
1596 2717 1694 2761 edit.
1737 2717 1971 2772 Hephaest.
2013 2714 2172 2760 Gaisf.²
2211 2729 2252 2772 p.
2290 2719 2369 2760 167
2402 2715 2514 2772 sqq.)
2553 2716 2682 2760 edita.

218 2786 521 2833 Saibantianus
561 2787 675 2831 enim
713 2791 762 2831 ut
802 2788 847 2831 in
888 2788 980 2843 ipso
1022 2787 1256 2832 enchiridio
1297 2788 1561 2833 emendando
1603 2790 1697 2845 plus
1729 2789 1884 2832 ceteris
1915 2787 2131 2831 codicibus
2163 2787 2522 2842 Hephaestioneis
2554 2788 2684 2831 habet

218 2858 508 2911 auctoritatis,
540 2858 602 2901 ita
633 2858 764 2901 etiam
794 2858 924 2912 hanc,
957 2859 1008 2901 de
1038 2872 1123 2914 qua
1153 2860 1316 2913 agitur,
1357 2860 1610 2904 scholiorum
1641 2860 1677 2903 B
1708 2864 1876 2914 partem
1908 2859 2186 2914 integriorem
2217 2859 2413 2913 praebet;
2445 2871 2528 2913 quo
2560 2858 2683 2902 Gais-

217 2928 381 2974 fordius
415 2928 478 2972 ita
508 2941 613 2973 usus
644 2932 729 2983 est,
767 2933 833 2982 ut,
875 2929 1116 2986 ubicunque
1148 2929 1309 2974 scholia
1341 2928 1409 2984 132,
1450 2943 1558 2986 quae
1589 2931 1632 2973 in
1664 2929 2023 2985 Hephaestioneis
2056 2930 2315 2973 editionibus
2346 2929 2474 2983 vulgo
2505 2929 2686 2973 circum-

216 2999 431 3053 feruntur,
464 2998 685 3053 deficiunt,
718 2999 987 3043 Saibantiani
1018 3001 1219 3044 lectiones
1250 3002 1306 3044 in.
1325 3002 1676 3046 adnotationibus
1710 3002 1900 3045 adderet.

392 3069 658 3114 Referendus
689 3074 755 3114 est
785 3070 876 3114 sine
907 3070 1035 3114 dubio
1067 3070 1135 3114 hic
1164 3075 1378 3115 tractatus
1403 3074 1627 3127 metricus,
1653 3073 1792 3127 qualis
1819 3076 1961 3116 exstat
1986 3073 2029 3115 in
2051 3071 2165 3115 Saib.
2194 3076 2238 3116 et
2259 3071 2373 3116 Chis.
2402 3076 2446 3115 et
2468 3071 2681 3124 Ambros.,

217 3140 272 3184 ad
302 3138 543 3193 complures
576 3138 730 3193 fontes,
763 3141 835 3196 qui
867 3144 1012 3185 tamen
1044 3142 1105 3185 ita
1130 3141 1245 3185 inter
1268 3154 1315 3185 se
1340 3143 1552 3186 coniuncti
1580 3147 1693 3197 sunt,
1726 3146 1775 3186 ut
1800 3142 1979 3187 eundem
2006 3142 2130 3185 facile
2155 3154 2362 3198 agnoscas
2388 3141 2677 3197 archetypum.

174 3300 180 3303 ‚
396 3255 422 3301 1)
459 3254 505 3311 []
539 3256 606 3293 His
637 3256 777 3292 uncinis
811 3265 903 3310 quae
933 3256 1067 3302 saepsi,
1097 3266 1139 3293 ea
1169 3266 1191 3293 a
1220 3257 1421 3294 recentiore
1454 3267 1563 3294 manu
1596 3257 1758 3304 profecta
1794 3263 1828 3294 et
1863 3257 2014 3295 delenda
2043 3263 2151 3304 put03
2186 3261 2241 3300 <
2256 3260 2311 3300 >
2344 3257 2400 3292 his
2430 3266 2523 3303 quac
2548 3256 2683 3293 inclusa

215 3313 460 3360 inveniuntur,
484 3319 611 3351 contra
635 3314 721 3350 libri
745 3314 904 3351 chisiani
927 3314 1179 3351 auctoritatem
1203 3315 1367 3351 addenda
1390 3315 1478 3351 mihi
1502 3315 1678 3352 videntur.
