2915 3831
22 224 164 289 {js-3„

1366 97 1424 144 '17

142 235 237 298 qni
266 246 413 300 naen
404 229 474 293 'ibi
499 250 610 289 pom
619 218 790 306 debebat,
824 238 889 276 uhi
918 238 964 275 de
995 207 1570 320 caesurabucolieaexpliettur,
1603 228 2451 288 quolocoeeterimenicieumadhibuernnt.
2500 233 2621 280 Qum

120 278 435 343 mmm
695 348 763 402 ἧδ’
782 352 914 401 ἔρρηξε
940 350 1119 423 φάλαγγα
1143 352 1251 402 φόως
1273 350 1501 401 δ’ἒτάροιοιν
1526 354 1647 402 ἔθηκε
1659 357 1714 403 *),

7 480 12 489 ,
119 450 126 452 ·
172 426 253 487 qm
257 439 358 486 apud
379 443 519 479 eeteros
542 439 707 476 metricos
709 436 777 474 ad
799 432 982 482 τετάρτην
1004 421 1212 482 τροχαϊκήν
1229 438 1538 488 demonstrandam
1552 444 1685 484 exstat,
1708 450 1783 475 non
1798 439 1916 474 minus
1930 437 2043 474 falsus
2059 437 2117 482 sit,
2141 447 2257 482 neque
2274 434 2417 471 omnino
2434 432 2531 478 apud
2545 442 2621 477 eos,

35 523 44 530 ,
125 500 127 502 '
147 487 153 492 ’
173 498 237 539 de
244 497 376 545 quibus
395 496 529 545 agitur,
553 497 749 544 scriptores
772 495 856 545 talis
877 505 1004 533 versus
1019 493 1228 533 Homericus
1251 495 1462 544 inveniatur,
1484 496 1602 544 qualis
1623 496 1671 534 ad
1695 496 1789 534 hunc
1812 495 1931 534 locum
1953 494 2117 542 quadret,
2141 504 2222 531 eum
2245 492 2454 530 lacunosum
2477 487 2622 536 reliqui.

347 580 538 637 Apparet
565 574 828 635 Byzantinos
863 577 944 624 hoc
980 576 1081 635 περὶ
1111 579 1262 635 τομῶν
1292 578 1434 635 capite
1462 591 1609 624 omnes
1640 590 1713 623 eas
1744 589 1942 623 caesuras
1973 576 2212 632 complexos
2241 587 2359 628 esse,
2395 584 2504 630 quas
2534 573 2621 616 iam

2 642 7 644 ἶ
92 681 96 685 -
162 650 436 707 ‚antiquiores
465 649 513 694 in
538 648 710 694 heroico
735 649 982 694 hexametro
1006 649 1336 707 observaverint,
1361 661 1555 706 quaeque
1575 650 1631 692 ab
1654 650 1808 693 horum
1832 648 2026 692 doctrina
2049 648 2095 690 in
2117 659 2205 690 una
2228 657 2404 689 caesura
2428 642 2621 687 bucolica

173 718 377 772 videntur,
411 718 637 764 dissentire
650 753 662 774 ,
702 718 777 764 sed
817 731 864 763 re
902 731 1004 763 vera
1041 731 1126 764 non
1155 719 1424 764 dissentiunt.
1483 720 1594 765 Nam
1623 720 1737 776 quod
1766 718 2058 774 Westphalius
2089 717 2247 761 Metrik
2278 715 2318 758 d.
2352 713 2426 758 Gr.
2458 711 2506 757 1²
2537 715 2620 757 212

173 789 299 843 docet
332 788 452 845 apud
485 800 630 833 omnes
659 788 920 845 Byzantinos
962 799 1183 830 caesuram
1220 789 1453 833 bucolicam
1493 793 1592 845 post
1630 789 1811 843 primam
1850 788 1990 844 quinti
2029 787 2149 842 pedis
2190 786 2397 841 syllabam
2435 784 2549 826 hunc
2577 783 2622 824 in

173 850 346 904 modum
375 860 508 903 statui

212 922 213 926 ¹
249 925 253 928 ’
699 922 812 978 Ζεὺς
840 926 923 982 μέν
952 942 1042 971 που
1071 924 1174 983 τόγε
1206 924 1301 972 οἶδε
1329 926 1405 972 καὶ
1434 923 1656 974 ἀθάνατοι
1690 926 1695 984 Ι
1728 927 1831 972 θεοὶ
1862 924 2009 981 ἄλλοι,

172 1003 347 1078 p'aulum
385 1020 614 1073 claudicat;
657 1032 792 1074 neque
827 1020 944 1064 'euim
983 1033 1130 1064 omnes
1168 1020 1332 1065 metrici
1361 1020 1590 1076 Byzantini
1628 1022 1672 1064 in
1712 1021 1791 1065 hoc
1829 1020 1980 1064 vitium
2019 1019 2281 1071 inciderunt,
2322 1016 2397 1062 sed
2432 1015 2497 1061 illi
2526 1015 2620 1069 soli,

172 1103 280 1149 quos
308 1089 395 1135 iam
424 1102 553 1146 supra
582 1089 671 1134 dixi
700 1089 837 1133 artius
867 1088 979 1133 inter
1008 1101 1055 1133 se
1084 1089 1333 1134 cohaerere:
1385 1089 1611 1135 Triclinius
1632 1089 1957 1134 Pseudo-Draco
1977 1089 2174 1140 Isaacus;
2208 1091 2254 1130 at
2274 1087 2435 1140 Helias,
2465 1086 2621 1141 quippe

173 1162 246 1217 qui
277 1157 374 1205 cum
404 1159 884 1214 Pseudo—Moschopulo
918 1161 1084 1214 longius
1115 1161 1169 1203 ab
1201 1161 1267 1204 his
1299 1161 1451 1214 distet,
1484 1165 1599 1204 recte
1631 1174 1671 1216 p.
1700 1164 1753 1203 77
1785 1155 1830 1217 *ἡ
1861 1157 1912 1203 δὲ
1943 1156 2153 1214 τετάρτη,
2185 1159 2344 1213 inquit,
2380 1153 2492 1212 τομή
2526 1155 2619 1200 ἐστι

172 1224 432 1288 βουκολικὴ,
460 1224 556 1288 ἥτις
586 1228 636 1274 ἐν
665 1228 779 1274 τέλει
809 1231 886 1287 τῆς
915 1227 1124 1286 τετάρτης
1152 1227 1295 1287 χώρας
1325 1246 1371 1275 τε
1401 1229 1474 1275 καὶ
1504 1230 1662 1284 λέξεως
1692 1224 2013 1289 γίνεταιμοῖον
2044 1224 2310 1280 ἀκολούθως

698 1319 844 1378 ἄνδρα
873 1340 950 1379 μοι
980 1326 1135 1368 ἔννεπε
1165 1326 1311 1380 μοῦσα
1340 1320 1646 1380 πολύτροπον’

173 1424 219 1464 et
246 1419 403 1474 legitur
432 1418 477 1462 in
507 1420 698 1461 tractatu
726 1416 800 1461 illo
830 1418 1006 1462 metrico
1036 1418 1290 1462 editionibus
1320 1419 1536 1463 Plutarchi
1566 1418 1694 1463 affixo
1725 1420 1804 1464 sub
1823 1419 1866 1463 11
1896 1418 1967 1472 (cf.
1990 1419 2090 1463 edit.
2118 1417 2436 1473 Wyttenbachii
2463 1420 2561 1460 tom.
2583 1414 2622 1458 V

125 1548 131 1556 ι
172 1502 215 1544 p.
241 1488 371 1542 1286)

226 1563 445 1625 ’Τετάρτῃ
487 1567 538 1613 δὲ
566 1565 818 1625 Βουκολική
858 1567 1001 1624 ἐστιν,
1040 1563 1100 1612 ὅτ’
1133 1563 1191 1613 ἄν
1228 1563 1252 1613 ὁ
1292 1568 1495 1625 τέταρτος
1532 1571 1646 1622 ποῦς
1676 1570 1773 1626 (sic)
1807 1566 2025 1621 δάκτυλος
2054 1564 2120 1613 ὧν
2151 1564 2364 1624 ἄπαρτίζῃ
2395 1569 2456 1619 εἰς
2487 1565 2618 1623 μέρος

228 1635 398 1695 ιλόγου,
425 1633 485 1690 ὥς
515 1638 565 1683 ἐν
594 1640 656 1698 τῷ

701 1716 877 1764 Οὕνεκα
907 1715 988 1764 τὸν
1019 1717 1205 1775 Χρύσην
1233 1715 1430 1777 ἠτίμασε.
1462 1745 1518 1750 --

233 1808 485 1871 Βουκολικὴ
528 1812 578 1857 δὲ
615 1812 843 1869 κέκληται,
873 1807 988 1870 ἷπαρ’
1012 1809 1122 1857 ὅσον
1162 1815 1208 1857 οἱ
1242 1808 1296 1858 τὰ
1327 1809 1569 1870 βουκολικᾶ
1598 1812 1821 1872 ποιήματα
1851 1812 2101 1872 γράψαντες
2130 1811 2270 1870 ταύτῃ
2300 1813 2537 1871 κέχρηνται
2566 1813 2619 1868 τῇ

233 1879 391 1941 φωνῇἶ

349 1976 473 2030 Quod
511 1977 846 2023 additamentum
886 1979 939 2023 ad
981 1979 1089 2022 113116
1129 1979 1179 2022 (16
1219 1991 1393 2023 caesura
1431 1979 1622 2023 bucolica
1664 1980 1950 2034 quaestionem
1987 1979 2291 2024 enucleandam
2321 1978 2620 2034 gravissimum

173 2053 262 2102 est;
302 2061 438 2102 neque
469 2048 604 2101 enim,
642 2050 678 2092 si
709 2050 931 2092 materiam
962 2049 1182 2093 metricam
1212 2049 1256 2091 in
1286 2048 1504 2092 Plutarchi
1538 2049 1795 2093 editionibus
1825 2054 2063 2093 exstantem
2096 2062 2189 2092 cum
2219 2048 2622 2094 Pseudo-Draconis

173 2120 364 2163 tractatu
392 2120 716 2174 comparaveriS,
748 2119 977 2173 dubitabis,
1008 2119 1111 2174 quin
1132 2118 1355 2174 utrobique
1376 2118 1486 2162 idem
1509 2116 1604 2163 fons
1628 2117 1857 2174 subfuerit;
1889 2120 2003 2174 quod
2023 2132 2117 2163 cum
2137 2132 2189 2163 ex
2210 2119 2410 2163 universa
2429 2118 2625 2173 congerie

172 2191 266 2232 tum
304 2199 357 2231 ex
395 2201 446 2232 ea
484 2189 671 2242 ratione,
712 2201 796 2243 qua
826 2189 870 2231 in
899 2189 1155 2232 tractatibus
1185 2192 1228 2231 et
1258 2188 1681 2232 Pseudo-Plutarchi
1711 2194 1754 2232 et
1785 2189 2195 2232 Pseudo-Draconis
2225 2201 2403 2232 caesura
2433 2189 2623 2232 bucolica

175 2259 385 2314 explicata
425 2262 514 2310 est,
554 2258 679 2300 facile
708 2271 959 2313 cognosces.
1021 2258 1360 2301 Pseudo-Draco
1399 2258 1533 2311 enim,
1574 2264 1801 2312 postquam
1838 2272 1991 2302 novam
2022 2259 2164 2310 illam,
2206 2273 2261 2303 ne
2292 2259 2431 2302 dicam
2461 2258 2625 2311 falsam,

176 2341 398 2374 caesuram
427 2328 661 2373 bucolicam
692 2330 855 2383 attulit,
888 2329 991 2373 haec
1022 2328 1244 2373 adscribit:

230 2415 452 2478 ’κέκληται
493 2418 544 2465 δὲ
580 2416 845 2480 βουκολικὴ,
887 2418 1090 2478 παρόσον
1130 2422 1177 2465 οἱ
1202 2416 1255 2466 τὰ
1286 2417 1529 2478 βουκολικὰ
1558 2419 1812 2479 γράψαντες
1842 2420 2064 2481 ποιήματα
2094 2420 2234 2481 ταύτῃ
2265 2422 2521 2480 κέχρηνται,
2561 2417 2620 2475 ὥς

233 2493 462 2548 πανταχοῦ
492 2486 693 2548 εὑρήσεις
722 2487 841 2547 παρὰ
872 2489 1043 2551 Μόσχῳ
1074 2490 1147 2535 καὶ
1179 2495 1319 2535 Βίωνι
1349 2492 1423 2536 καὶ
1457 2495 1707 2553 Θεοκρίτῳ,
1740 2488 1840 2536 οἷον

702 2588 853 2658 αἶ’λιίνα1
881 2598 957 2670 μοί
988 2588 1244 2672 στόνάχει-τὲ
1267 2591 1419 2659 νάπαι-
1435 2599 1518 2659 καί
1540 2590 1733 2672 Δαξριυοῦ
1757 2599 1895 2673 5659.
1953 2618 2168 2672 (Moschus
2200 2618 2385 2673 epitaph.
2419 2618 2539 2662 Bion.
2566 2622 2623 2671 l.)

698 2702 858 2783 φεῦγεν,
889 2702 1029 2771 καικὸν
1057 2702 1111 2771 τό
1141 2703 1330 2784 φίλαμοῖ·
1361 2744 1416 2771 τα
1446 2705 1588 2785 χείλεα
1623 2727 1863 2786 φάρμακον
1895 2724 2015 2772 ἐντίῖ
2080 2729 2300 2784 (Moschus
2332 2731 2353 2773 l
2386 2729 2474 2785 27.)

349 2829 481 2876 Recte
509 2830 584 2875 illa
614 2831 808 2876 doctnna
838 2831 936 2877 huic
966 2831 1180 2876 simillima
1210 2831 1254 2875 in
1284 2817 1474 2877 tractatu
1503 2831 1906 2877 Pseudo-Plutarchi
1937 2832 2085 2878 addita
2110 2839 2193 2890 est;
2227 2834 2300 2879 sed
2324 2835 2508 2880 absurde
2531 2836 2621 2880 sine

177 2900 304 2946 dubio
335 2913 429 2946 eam
461 2901 798 2946 Pseudo-Draco
829 2903 1024 2946 adiunxit
1053 2903 1194 2946 verbis
1221 2903 1572 2957 praecedentibus
1608 2904 1694 2946 his:

228 2987 513 3059 ‘Bovuoamer'p¹
544 2992 616 3050 δὲ,
660 2990 769 3039 ὅταν
815 2989 922 3051 μετὰ
968 2994 1183 3051 τέσσαρας
1224 2993 1366 3048 πόδας
1410 2992 1577 3053 εὑρεθῇ
1631 2992 1829 3055 συλλαβὴ
1870 2993 2169 3056 άπαρτίζουσα
2211 3001 2272 3052 είς
2312 2999 2442 3056 μέρος
2482 2996 2622 3056 λόγου

233 3063 424 3120 τέλειον,
456 3059 557 3110 οἶόν
588 3065 680 3110 ἐστι
710 3061 784 3110 τὸ·

768 3148 794 3156 -ι
1023 3148 1049 3155 —-
1109 3142 1128 3156 υ
1165 3141 1183 3157 υ
1239 3148 1265 3155 —-
1290 3141 1307 3158 υ
1393 3143 1412 3158 υ
1444 3150 1469 3157 —-
1517 3143 1537 3157 υ
1572 3142 1591 3157 υ
1650 3151 1672 3158 ι-
1737 3142 1756 3158 υ
1784 3143 1803 3159 u
1833 3152 1859 3159 ι-
1943 3154 1961 3161 .-

702 3161 816 3217 Ζεὺς
844 3166 928 3221 μέν
955 3182 1045 3209 που
1074 3163 1178 3222 τόγε
1208 3164 1302 3210 οἶδε
1332 3166 1407 3210 καὶ
1437 3162 1662 3210 ἀθάνατοι
1694 3167 1796 3210 θεοὶ
1828 3164 1979 3212 &uod

351 3322 383 3369 ⁶)
409 3315 499 3358 οόδ’
526 3320 658 3369 ἔρρηξε
685 3323 848 3369 Isaacus3
878 3318 1017 3369 Τρώων
1040 3319 1130 3370 ῤ’ῆξε
1155 3323 1361 3370 Τι’ἰοῙίηἰιιΒ,
1386 3323 1483 3371 quod
1506 3324 1600 3360 idem
1623 3330 1742 3363 exem
1767 3326 1812 3372 Z,
1834 3326 1867 3362 6.
