2915 3831
1438 15 1498 91 34‘

233 181 289 243 ἦέ
316 144 458 231 autem
489 183 557 229 bis
587 182 776 238 positum
799 183 844 227 in
874 180 979 227 solis
1008 181 1107 236 illis,
1139 181 1193 226 de
1220 180 1376 245 quibus
1406 184 1536 227 antea
1563 180 1698 227 verba
1726 180 1832 238 feci,
1871 183 2067 241 versibus
2083 139 2214 241 Sept.
2245 196 2281 229 c.
2313 143 2462 251 Theb.
2476 186 2580 251 866.
2612 174 2701 248 9118-
2809 187 2835 223 ἰ·
2863 180 2909 243 ‘J'

239 255 325 311 (ed.
358 251 506 309 Dind)
538 256 582 297 et
611 250 718 307 hoc,
735 252 790 296 de
818 263 902 307 quo
932 263 1044 296 nunc
1074 252 1233 307 agitur,
1260 241 1511 315 Supplicum
1539 251 1767 317 invenitur.
1828 242 1942 317 Quid
1970 253 2105 314 igitur
2128 254 2218 306 veri
2247 256 2315 302 est
2344 242 2553 310 similius,-
2568 244 2707 322 qqm'
2730 246 2755 271 ⁵

235 330 284 370 ut
314 327 359 369 in
387 318 588 379 ‘Septem’
621 324 684 366 ita
715 323 760 366 in
785 315 1086 377 ‘Supplicibus’
1119 315 1172 376 ἠὲ
1200 315 1257 377 ἦέ
1282 321 1328 364 in
1358 322 1457 366 αἰαῖ
1483 320 1529 365 ἐέ
1555 306 1809 391 mutandum
1838 312 1963 368 esse‘?
2874 317 2882 325 ⁴

410 395 578 445 Restat,
609 395 659 435 ut
689 391 742 435 de
772 383 1117 434 interiectionum
1147 391 1246 433 αἰαῖ
1272 393 1316 434 et
1346 388 1393 433 ἐέ
1416 383 1650 445 scriptura
1663 395 1708 437 et
1738 381 1984 444 accentibus
2014 405 2156 446 agam.
2250 432 2266 436 ,γ
2875 423 2883 428 »

414 462 632 518 Quotquot
673 459 787 504 enim
824 457 904 503 hoc
943 458 1199 515 praesertim
1247 458 1417 504 saeculo
1446 463 1673 517 poetarum
1702 462 1994 507 scaenicorum
2022 460 2230 507 editiones
2272 451 2553 515 curaverunt,
2595 471 2698 507 num
2772 481 2778 485 ¹
2812 467 2815 474 ²
2868 456 2875 460 ”
2911 491 2915 500 2

234 539 351 580 recte
372 535 470 577 αἰαῖ
487 530 512 575 ἒ
527 533 551 575 ἔ
578 530 842 586 scripserint,
873 529 1037 574 dubito.
1108 529 1220 574 Sane
1249 543 1301 574 ex
1331 531 1548 575 codicibus
1578 532 1683 575 certi
1714 532 1822 575 nihil
1857 532 2057 587 colligere
2086 531 2198 584 licet,
2241 524 2444 586 quoniam
2473 535 2699 586 poetarum

236 605 529 650 scaenicorum
570 601 759 654 librarii,
798 604 846 643 ut
886 601 1040 654 cuique
1071 601 1210 643 visum
1242 605 1328 654 est,
1361 597 1412 643 αἶ
1439 597 1509 655 αἴ,
1540 602 1591 644 αἳ
1618 606 1682 656 αι’,
1723 603 1748 644 ἔ
1775 604 1818 656 ἔ,
1860 600 1883 645 ἓ
1911 604 1953 656 ἔ,
1984 600 2046 655 ἐέ,
2077 602 2102 644 ἓ
2129 600 2156 644 ἔ
2180 602 2247 646 vel
2277 599 2436 646 similia
2464 601 2697 672 dederunt3

236 675 561 732 grammaticam
601 676 746 715 autem
790 671 864 727 qui
903 668 1216 726 profitebantur
1260 674 1396 714 artem
1435 685 1532 715 cum
1577 674 1676 716 αἰαῖ
1714 672 2021 717 interiectionis
2051 675 2095 716 et
2127 672 2213 715 vim
2238 675 2283 717 et
2317 675 2540 727 accentum
2569 671 2706 723 artio—

235 748 353 791 ribus
400 744 556 788 finibus
602 742 1023 795 circumscriberent,
1070 742 1121 786 de
1162 741 1208 785 ἐέ
1242 742 1373 786 verba
1414 755 1500 787 non
1531 741 1747 797 fecerunt,
1801 743 2055 798 omninoque
2084 742 2191 788 adeo
2221 742 2334 789 inter
2365 755 2411 788 se
2440 733 2697 800 discrepant,

236 821 285 862 ut
314 830 369 862 ne
400 815 440 858 ei
470 813 654 870 quidem,
685 813 760 868 qui
792 826 845 858 ex
874 825 960 857 uno
991 811 1111 857 fonte
1142 824 1220 857 sua
1251 811 1563 868 deprompsisse
1593 812 1836 869 videantur,
1869 813 1921 859 de
1951 814 2049 858 αἰαῖ
2074 812 2223 858 eadem
2254 811 2408 871 omnes}
2426 812 2696 870 protulerint.

236 887 319 932 Sed
351 887 387 931 si
417 884 665 938 Herodiani,
699 884 770 927 cui
801 885 989 927 maxima
1019 883 1196 927 debetur
1226 882 1343 937 fides,
1375 885 1621 928 testimonio
1651 885 1715 928 uti
1744 884 1857 938 licet,
1891 886 1988 927 alac
2004 883 2273 929 scribendum
2292 886 2372 927 est.
2433 884 2567 937 Docet
2583 882 2702 947 euim

238 958 308 1001 hic
338 953 457 1011 (περὶ
488 950 718 1009 μονήρους
756 952 930 1005 λέξεως)
960 953 1006 996 II
1037 956 1307 1006 933,18-21
1343 953 1410 996 ed.
1442 954 1598 997 Lentz:
1646 948 1784 998 οὐδὲν
1819 957 1882 1006 είς
1921 973 1967 998 αι
2003 957 2143 1011 λῆγον
2185 952 2406 1009 ἐπίρρημα
2444 947 2559 1010 νπὲρ
2588 941 2698 1009 ulam

238 1022 469 1081 συλλαβὴν
502 1018 731 1077 ὀξύνεται,
773 1021 888 1079 λέγω
921 1019 972 1066 δὲ
1002 1017 1061 1079 μὴ
1094 1019 1447 1079 σχετλιαστικόν·
1478 1018 1533 1067 τὰ
1575 1022 1625 1067 δὲ
1663 1026 1849 1068 τοιαῦτα
1885 1023 1960 1069 καὶ
1991 1019 2219 1079 ὀξύνεται,
2260 1018 2384 1079 εὐαί,
2422 1024 2582 1080 βαβαί,
2620 1020 2698 1067 καὶ

237 1096 526 1152 περισπᾶται,
558 1087 739 1147 αταταῖ,
771 1095 915 1147 αἰαῖ,
946 1100 1108 1136 παπαῖ·
1140 1087 1190 1135 τὸ
1214 1090 1264 1135 δὲ
1283 1089 1420 1135 πάλαι
1440 1090 1696 1149 βαρύνεται.
1752 1095 1870 1139 Idem
1900 1096 1921 1138 I
1954 1098 2109 1149 502‚18
2140 1108 2253 1151 sqq.:
2298 1090 2362 1138 Τὰ
2393 1088 2700 1157 uxama-itque

236 1169 330 1211 τῶν
362 1167 423 1217 εἰς
452 1164 499 1209 δῖ
530 1163 604 1208 καὶ
636 1163 682 1207 ὦ
715 1159 884 1218 ἄλογον
914 1164 1001 1218 ἔχει
1031 1157 1113 1206 τὸν
1143 1159 1305 1206 τόνον.
1338 1158 1367 1206 ἅ
1397 1160 1480 1218 μὲν
1511 1157 1597 1219 γὰρ
1619 1157 1772 1208 αὐτῶν
1800 1167 2087 1220 περισπᾶται,
2120 1158 2180 1216 ὥς
2208 1159 2259 1208 τὸ
2282 1159 2437 1208 ὀτοτοῖ
2453 1166 2557 1221 ἔχον
2585 1175 2697 1221 συμ-

236 1240 569 1292 παρακείμενον
599 1233 674 1277 καὶ
705 1229 755 1277 τὸ
787 1228 947 1277 ἆταταῑ
974 1232 1048 1275 καὶ
1079 1228 1130 1275 τὸ
1164 1227 1272 1276 ούαῖ
1299 1231 1374 1275 καὶ
1406 1235 1526 1276 αἰαῖ
1552 1237 1643 1277 κτλ.
2755 1222 2759 1229 ’

413 1308 566 1361 Itaque
596 1318 682 1348 non
714 1306 811 1347 αἰαῖ
837 1303 860 1346 ἓ
882 1306 926 1357 ἔ,
958 1309 1007 1347 ut
1037 1303 1223 1347 editores
1257 1304 1394 1347 adhuc
1423 1304 1670 1359 voluerunt,
1703 1307 1777 1349 sed
1808 1308 1905 1348 αἰαῖ
1933 1306 1978 1350 ἐέ
2014 1306 2284 1350 scribendum
2325 1305 2493 1350 videtur
2522 1308 2696 1360 propter

238 1378 586 1434 parallelismum.

1221 1515 1604 1583 Epimetrum
1640 1515 1720 1571 II.

1178 1620 1242 1663 De
1272 1620 1420 1676 Eurip.
1452 1621 1607 1665 Bacch.
1644 1626 1680 1664 1.
1714 1625 1763 1664 2:

876 1711 1003 1757 ‘'Hum
1035 1709 1148 1764 Διὸς
1177 1721 1281 1766 παῖς
1310 1711 1445 1770 τήνδε
1475 1709 1559 1772 τὴν
1591 1717 1838 1770 Θηβαίαν
1869 1712 2015 1772 χθόνα

888 1780 1133 1837 Διόνυσος,
1166 1778 1220 1826 ὃν
1250 1786 1385 1827 τίκτει
1415 1780 1520 1828 ποθ’
1553 1778 1580 1840 ἡ
1614 1781 1809 1840 Κάδμου
1840 1782 1967 1841 κόρη.

421 1878 603 1925 Θηβαίων
633 1877 733 1915 codd.
768 1876 916 1923 Eurip.;
952 1881 1078 1913 contra
1113 1876 1290 1923 Θηβαίαν
1328 1876 1422 1914 Chis.
1458 1876 1516 1923 (cf.
1548 1887 1658 1923 supra
1681 1888 1717 1923 p.
1742 1878 1825 1924 26),
1842 1876 1971 1920 ,schoL
2004 1877 2035 1914 B
2058 1876 2254 1924 Hephaest.
2287 1888 2322 1924 p.
2352 1879 2417 1915 183
2451 1877 2525 1925 (ed.
2552 1877 2696 1924 Gaisf.)‚

244 1938 500 1985 grammaticus
529 1937 789 1973 Ambrosianus
824 1936 863 1970 in
898 1934 1008 1970 Keilii
1027 1929 1227 1970 ‘Analectis
1249 1930 1500 1980 grammaticis’
1525 1947 1560 1981 p.
1589 1938 1644 1980 10,
1669 1936 1757 1981 22,¹)
1792 1935 1875 1970 libri
1900 1936 2075 1972 Prisciani
2100 1936 2225 1982 optimi
2259 1937 2341 1982 (vol.
2366 1937 2401 1971 Π
2423 1948 2460 1987 p.
2487 1938 2610 1981 151,21
2637 1934 2693 1971 ed.

242 1998 380 2042 Hertz),
404 1996 511 2041 idque
534 1995 651 2041 ipsum
676 1999 892 2041 receperunt
915 1993 987 2029 iam
1011 1993 1238 2029 Hermannus
1263 1999 1299 2028 et
1325 1992 1520 2030 Elmsleius
1544 1998 1579 2029 et
1603 1993 1739 2029 Fixius.
1791 1994 1945 2040 Θηβαία
1969 1995 2065 2030 enim
2087 1990 2196 2039 χθών
2220 1994 2446 2031 Hei-mannus
2469 1994 2536 2031 sibi
2551 1993 2693 2030 videtur

242 2057 450 2094 observasse
469 2048 695 2099 ‘simpliciter
720 2051 958 2090 nominandae
984 2050 1122 2096 regioni
1145 2045 1339 2096 inservire‚'
1377 2052 1559 2098 Θηβαίων
1595 2058 1717 2089 autem
1740 2047 1847 2097 χθών
1880 2045 1976 2088 ‘cum
2001 2052 2229 2099 oppositione
2256 2052 2410 2100 quadam
2437 2052 2507 2089 dici
2532 2052 2695 2099 aliorum,

243 2124 351 2160 quam
376 2103 651 2149 Thebanorum’.
720 2110 824 2156 Quod
855 2115 973 2145 tamen
1010 2109 1200 2145 discrimen
1235 2110 1415 2145 contendit
1444 2111 1627 2154 Augustus
1651 2109 1829 2144 Matthiae
1862 2110 1898 2144 in
1931 2110 1985 2145 ed.
2011 2110 2136 2155 Eurip.
2161 2111 2321 2155 tragoed.
2352 2116 2386 2147 et
2410 2111 2536 2155 fragm.
2561 2115 2646 2147 tom.
2675 2112 2699 2146 8

242 2184 279 2217 p.
306 2173 372 2207 192
399 2170 559 2216 (Lipsiae
586 2170 688 2214 1824)
715 2168 849 2204 nullius
874 2178 959 2204 usus
984 2177 1074 2204 esse.
1122 2167 1298 2203 Videntur
1314 2173 1432 2203 autem
1457 2169 1523 2203 viri
1550 2168 1644 2204 docti
1669 2167 1831 2212 argutius
1856 2179 1961 2213 quam
1986 2179 2053 2214 par
2072 2174 2150 2205 erat
2173 2179 2249 2204 rem
2274 2169 2526 2205 considerasse.
2575 2166 2699 2205 Solent

242 2239 327 2267 sane
352 2234 481 2275 poetae
506 2227 631 2274 optimi
654 2227 691 2263 in
717 2226 794 2264 eius
818 2225 914 2262 modi
940 2224 1181 2262 locutionibus
1205 2230 1339 2262 certum
1364 2224 1543 2271 quendam
1569 2224 1761 2261 observare
1784 2234 1899 2270 usum,
1923 2234 2028 2271 quem
2052 2225 2194 2273 tyranni
2217 2225 2324 2264 modo
2349 2227 2387 2262 in
2411 2225 2534 2272 lingua
2557 2225 2698 2272 poetica

241 2297 392 2332 regnare
424 2286 568 2321 dixeris.
623 2287 676 2321 Ac
703 2286 808 2320 valde
834 2285 976 2329 dubito,
1008 2295 1093 2319 num
1124 2284 1321 2328 Euripides
1354 2285 1399 2319 de
1430 2294 1491 2328 eo,
1524 2284 1620 2328 quod
1652 2285 1880 2319 Hermannus
1902 2283 2037 2329 voluit,
2062 2285 2263 2321 discrimine
2286 2286 2496 2331 cogitaverit
2519 2285 2585 2330 (cf.
2610 2296 2639 2321 e.
2665 2297 2700 2330 g.

242 2346 356 2384 Orest.
385 2346 496 2389 15083
522 2343 656 2382 Troad.
682 2345 748 2381 241
776 2343 855 2390 sq.).
906 2342 1007 2379 Dixit
1032 2342 1076 2379 de
1102 2352 1144 2379 ea
1167 2351 1207 2378 re
1230 2346 1373 2389 praeter
1398 2346 1537 2379 ceteros
1562 2340 1789 2379 Theobaldus
1813 2340 1881 2378 Fix
1906 2341 1953 2379 ad
1978 2341 2106 2390 Eurip.
2129 2342 2260 2380 Bacch.
2280 2345 2310 2380 1.
2360 2343 2575 2381 Constanter
2591 2343 2701 2390 igitur

242 2403 342 2450 apud
366 2401 576 2448 Euripidem
594 2412 676 2438 cum
693 2398 801 2447 χθών
818 2402 1087 2446 coniunguntur
1107 2400 1194 2435 haec
1211 2400 1400 2436 adiectiva:
1428 2401 1572 2444 Φεραία
1591 2401 1732 2438 (Alcest.
1751 2403 1830 2445 234,
1855 2402 1948 2446 476),
1975 2403 2149 2447 Καδμεία
2168 2402 2305 2448 (Suppl.
2324 2404 2408 2447 5873
2433 2397 2697 2447 Phoen.'1101;

244 2462 378 2501 Troad.
412 2461 520 2506 242),
561 2461 714 2507 Θηβαία
749 2460 893 2506 (Bacch.
919 2461 1000 2496 660.
1025 2461 1105 2495 961.
1133 2460 1234 2495 1043.
1262 2461 1372 2505 1202;
1408 2458 1543 2495 Phoen.
1567 2460 1647 2495 287.
1674 2460 1755 2495 635.
1781 2461 1859 2495 776.
1884 2461 1989 2505 883),
2029 2453 2171 2506 Ἀργεία
2207 2460 2362 2501 (Electr.
2388 2461 2480 2506 9883
2515 2459 2641 2507 Suppl.
2666 2461 2700 2497 9.

242 2520 356 2566 8743)
395 2518 528 2564 11763)
564 2520 675 2563 1185;
706 2518 821 2554 Orest.
851 2518 982 2563 1508);
1015 2517 1086 2553 nisi
1119 2518 1215 2562 quod
1253 2517 1377 2563 Suppl.
1406 2519 1497 2553 1195
1544 2512 1713 2562 Ἀργείων
1744 2514 1871 2562 χθόνα
1882 2518 1910 2562 ⁴)
1936 2523 1972 2555 et
1997 2519 2216 2555 Troad.875
2240 2519 2299 2554 vix
2324 2523 2419 2555 recte
2437 2515 2475 2560 ἐς
2490 2514 2701 2566 Ἀργείωνὸ)

241 2574 371 2624 χθόνα
397 2577 538 2622 legitur.
587 2577 683 2613 Idem
708 2582 818 2622 poeta
841 2587 954 2622 aeque
979 2581 1184 2613 constanter
1208 2577 1251 2612 ad
1276 2572 1383 2621 χθών
1406 2587 1601 2621 numquam
1626 2569 1820 2622 Ἀθηναία,
1847 2576 1908 2613 sed
1932 2570 2140 2623 Ἀθηναίων
2174 2576 2336 2613 adiunxit
2368 2576 2486 2623 (Herc.
2520 2576 2589 2614 fur.
2614 2578 2701 2624 477,

242 2637 358 2683 Iphig.
384 2636 494 2671 Taur.
518 2637 583 2682 903
609 2635 691 2671 Jon.
718 2638 771 2671 12.
798 2636 899 2682 655).
949 2635 1033 2670 Alia
1058 2634 1222 2680 exempla
1252 2635 1400 2680 praebet
1426 2634 1551 2671 Fixius
1574 2634 1597 2670 l.
1624 2646 1653 2670 c.
1709 2635 1835 2680 Itaque
1860 2635 1988 2672 Bacch.
2017 2637 2033 2671 1
2064 2635 2242 2682 Θηβαίαν
2266 2631 2393 2680 χθόνα
2418 2635 2538 2673 invitis
2572 2635 2701 2674 codici-

241 2696 311 2731 bus
336 2693 547 2739 Euripideis
571 2694 827 2730 restituendum
852 2704 931 2730 esse
955 2693 1126 2739 censeo.⁶)

423 2800 450 2847 ¹)
476 2798 718 2836 Studemundo
756 2799 851 2836 enim
883 2802 973 2834 teste
1014 2797 1128 2834 codex
1164 2797 1422 2834 Ambrosianus
1458 2770 1546 2844 non,
1583 2798 1679 2843 quod
1703 2797 1845 2834 Keilius
1880 2797 1983 2843 legit,
2017 2798 2197 2844 θηβαίων
2221 2798 2387 2844 exhibet,
2419 2797 2482 2835 sed
2510 2798 2701 2846 Θηβαίαν.

162 2848 173 2860 ⁸
244 2862 278 2907 ²)
307 2858 415 2905 ἔσχεν
441 2853 576 2907 ἄργείᾳ
602 2859 722 2903 χθονί
741 2858 826 2894 libri
852 2858 1054 2903 Euripidis,
1087 2851 1161 2902 ἔσχ’
1195 2853 1237 2892 ἐν
1265 2852 1433 2903 Ἀργείων
1465 2853 1573 2893 πόλει
1605 2857 1710 2894 Teles
1739 2857 1835 2902 apud
1866 2857 2061 2894 Stobaeum
2092 2856 2260 2903 (florileg.
2292 2857 2363 2894 vol.
2392 2858 2457 2904 ΠΙ,
2486 2869 2521 2904 p.
2553 2860 2622 2895 202
2646 2858 2701 2895 ed.

242 2919 436 2966 Meineke).
494 2918 524 2964 ³)
549 2911 707 2963 ἄργειάν
732 2916 844 2954 codex
868 2916 1100 2953 Florentinus
1124 2915 1265 2952 XXXII
1290 2918 1323 2961 2,
1357 2911 1521 2962 ἄργείων
1544 2916 1657 2953 codex
1682 2915 1865 2953 Palatinus
1890 2916 1926 2953 in
1951 2915 2124 2953 Vaticana
2147 2918 2226 2953 287.
2283 2916 2312 2961 4)
2338 2916 2414 2953 Iam
2437 2917 2561 2954 Fixius
2583 2917 2703 2954 invitis

243 2978 425 3016 codicibus
446 2972 612 3022 Ἀργείαν
636 2972 763 3022 χθόνα
790 2975 943 3021 scripsit.
973 2974 1001 3019 ⁸)
1027 2969 1185 3020 ἀργείαν
1209 2987 1280 3011 non
1303 2976 1396 3011 male
1419 2975 1518 3011 solus
1535 2975 1648 3011 codex
1665 2975 1849 3011 Palatinus
1871 2974 1908 3010 in
1925 2974 2101 3010 Vaticana
2124 2976 2211 3020 2873
2237 2974 2367 3020 reliqui
2383 2976 2532 3021 codices,
2549 2987 2703 3022 quorum

242 3038 415 3075 lectiones
439 3035 617 3081 congessit
649 3033 862 3079 Kirchhoff,
896 3027 1059 3078 ἆργείων
1092 3033 1284 3077 exhibent3
1321 3027 1485 3078 Ἀργείαν
1520 3033 1655 3079 recepit
1677 3033 1747 3069 iam
1773 3032 1908 3069 Fixius.
1967 3031 1995 3077 ⁶)
2022 3033 2188 3071 Ceterum
2211 3038 2364 3080 apparet
2387 3034 2632 3072 Hermannum
2657 3033 2702 3071 de

243 3095 428 3132 adjectivis
451 3104 473 3130 a
497 3098 675 3130 terrarum
701 3092 906 3130 nominibus
932 3091 1099 3128 derivatis
1124 3092 1161 3126 in
1189 3111 1227 3118 -
1249 3095 1335 3132 αῖος
1358 3097 1395 3127 et
1419 3111 1463 3116 —
1488 3095 1567 3132 εῖος
1591 3096 1732 3127 tantum
1756 3091 1944 3138 cogitasse,
1969 3092 2103 3137 quibus
2124 3103 2190 3138 pro
2215 3092 2448 3130 substantivis
2465 3099 2502 3129 et
2517 3092 2700 3130 adiectivis

243 3156 299 3191 uti
323 3155 440 3190 liceat.
490 3153 583 3188 Nam
608 3154 639 3188 si
662 3152 726 3187 illa
749 3163 892 3196 quoque
915 3152 988 3186 alia
1011 3152 1048 3186 in
1072 3152 1165 3187 hanc
1187 3152 1482 3196 disceptationem
1508 3157 1681 3196 vocasset,
1706 3153 1743 3186 in
1767 3152 1896 3196 quibus
1920 3152 1966 3187 ad
1990 3148 2098 3196 χθών
2123 3152 2297 3188 adiectiva
2322 3148 2527 3195 Πελόπιος,
2553 3147 2697 3197 Χειρό-

244 3226 349 3258 πιος,
380 3207 566 3258 Τρωϊκός,
604 3205 810 3255 Ταυρικός,
842 3209 1075 3255 Σπαρτιᾶτις
1103 3213 1169 3246 etc.
1200 3208 1322 3246 addita
1345 3208 1533 3256 leguntur,
1564 3208 1678 3246 tribus
1709 3207 1764 3244 vel
1794 3212 1964 3254 quattuor
1993 3208 2153 3246 versibus
2183 3208 2277 3246 inter
2301 3218 2339 3246 se
2363 3209 2579 3256 comparatis
2603 3209 2705 3246 hanc·

243 3270 406 3317 regulam
430 3270 599 3307 caducam
623 3279 701 3305 esse
726 3268 972 3304 intellexisset.
