2915 3831
1375 90 1487 133 ·23

188 179 319 280 εθη
351 223 397 303 οἱ
430 216 554 271 αὗτῆς
584 224 744 273 βραχεῖα
777 223 844 260 καὶ
877 220 1003 271 μακρὰ
1033 223 1099 261 καὶ
1121 220 1233 272 κοινὴ
1257 222 1489 272 καλουμένη.
1545 224 1590 272 ¹⁸)
1614 220 1794 272 τυγχάνει
1818 224 1949 271 scripsi
1972 234 2053 262 cum
2077 224 2243 262 Pseudo-
2249 224 2417 263 Dracone
2438 228 2475 261 et
2497 222 2689 268 Triclinio;

231 325 491 377 τυγχάνουσιν
515 327 582 367 0.
605 328 650 375 ¹⁴)
673 295 743 374 ‘te‘
772 328 803 365 G
828 328 972 374 (similia
999 329 1211 376 compendia
1232 329 1327 368 infra
1349 340 1493 377 quoque
1516 331 1737 377 occurrunt).
1788 329 1832 376 ¹⁵)
1859 324 1974 366 ἐννέα
1997 340 2066 367 οιιι.
2090 328 2284 367 Triclinius
2308 328 2520 375 Ga'ufordii,
2550 330 2589 365 in
2610 328 2688 365 cod.

229 385 340 427 nea-u.
362 390 461 425 recte
482 385 645 426 additum
668 386 802 435 legitur
826 384 921 424 δέκα
941 387 1068 435 (Marc.
1084 392 1122 424 et
1135 387 1265 426 Venet.
1279 381 1333 436 ἴ),
1356 389 1525 435 quoniam
1539 388 1688 431 Triclin.
1708 393 1862 425 metrum
1886 392 2163 424 anacreontem
2185 389 2223 424 in
2246 387 2409 425 ordinem
2428 383 2689 433 πρωτοτόκων

226 444 377 493 recepit.
434 444 483 493 1θ)
515 439 811 482 α’ντισπαστιτιόν
843 445 881 481 in
907 444 946 481 Ο
967 444 1085 492 deest,
1118 446 1216 492 qnod
1246 457 1356 492 quam
1382 447 1520 494 metrici
1548 446 1645 484 soliti
1669 451 1754 483 sunt
1775 447 1953 483 rationem
1974 450 2137 492 secutus,
2169 446 2305 492 optime
2329 450 2412 492 post
2436 440 2691 493 χοριαμβικόν

181 501 487 559 ”interposuisse
509 503 600 543 mihi
624 503 768 550 videon
792 502 890 551 apud
914 502 1276 541 Pseudo-Draconem
1299 507 1419 541 mtat
1443 498 1738 540 ἆντισπαστικόν
1763 502 1829 539 καὶ
1852 498 2084 549 παιωνικόν,
2117 502 2215 549 apud
2240 502 2452 541 Triclinium
2474 498 2690 538 παιωνικὸν

228 554 525 598 dumanas&
552 559 620 598 καὶ
648 555 959 607 ἄνακρεόντειον.
1010 561 1055 606 12)
1087 556 1128 605 ἐξ
1157 561 1259 598 deest
1287 560 1386 608 apud
1408 561 1571 598 Pseudo·
1576 561 1797 606 Draconem,
1831 561 1894 598 sed
1926 560 2167 606 supplendum
2198 561 2342 597 videtur
2373 572 2454 597 cnm
2480 560 2512 597 0
2539 566 2690 606 propter

231 615 426 656 σύνθετον
448 618 493 655 δὲ
518 614 561 655 τὸ
588 614 632 655 ἐκ
655 615 876 680 διαφόρων,
900 619 998 665 qnod
1020 619 1183 666 proxime
1205 620 1382 666 sequitur.
1431 618 1475 664 18)
1499 615 1723 665 ποιημάτων
1748 618 1912 656 Pseudo·
1920 618 2041 655 Draco
2065 623 2102 655 et
2125 618 2326 656 Triclinius.
2375 618 2420 665 1⁹)
2444 622 2508 655 aut
2532 612 2688 664 ἄτρείδη

229 674 283 714 τό
306 684 371 716 aut
395 671 573 725 ἄτρείδησ
595 673 646 714 τό
672 671 709 715 C'
724 689 791 724 per
794 656 1016 725 scripturae
1031 677 1299 725 compendium3
1323 682 1408 725 post
1431 674 1483 714 τῶ
1506 679 1574 717 inc.
1595 677 1625 716 0
1645 677 1707 716 fol.
1725 679 1799 715 53r.
1849 676 1899 725 ²⁰)
1923 674 2186 724 γουναζέσθαι
2214 675 2253 723 0,
2277 682 2317 714 ut
2340 677 2500 725 videtur;
2524 676 2691 713 Triclinii

229 735 333 774 codd.
356 737 465 773 Bern.
490 735 603 774 Marc.
628 735 756 773 Veneta
779 730 954 782 Ἀτρείδη
987 731 1102 783 δ’ἅρα
1135 748 1259 772 τουτω
1294 733 1337 772 ἐκ
1370 737 1517 784 δίφρων
1547 735 1835 783 γουναζέσθην,
1868 736 1938 772 nisi
1962 735 2059 781 quod
2084 736 2190 771 Bern.
2216 731 2493 780 γουνάζεσθαις
2527 735 2629 771 Harl.
2652 740 2691 771 et

163 842 168 845 ᾗ
226 792 519 843 PneudofDraco
550 789 753 841 Ἀτρείδης·
788 789 903 840 δ’ἄρα
936 790 1061 831 τούτω
1095 790 1138 830 ἐκ
1170 795 1319 842 δίφρων
1352 794 1632 841 γουναζέσθην.
1682 796 1848 832 Ceterum
1880 789 1995 840 δ’ἆρα
2028 790 2151 830 τούτω
2186 793 2317 830 falsum
2345 804 2421 831 esse
2454 794 2584 831 docent
2606 804 2689 831 cun

227 851 376 889 Homer.
400 855 454 899 Δ,
477 853 547 889 130
570 856 648 888 tum
671 852 731 888 hic
754 852 871 897 locus,
902 862 976 898 quo
1000 852 1149 898 spondei
1172 857 1270 889 stare
1293 852 1443 899 debent,
1474 858 1509 890 et
1531 854 1625 890 Mar.
1642 853 1781 889 Plotius
1805 853 1865 889 lib.
1883 853 1956 897 III,
1981 863 2058 899 cap.
2076 853 2111 888 11
2137 852 2202 897 (VI
2226 853 2355 897 500,14
2379 863 2430 897 sq.
2456 851 2533 898 Κ.),
2558 851 2620 888 ubi
2643 852 2690 888 de

228 910 353 958 metris
375 910 470 957 agit:
495 936 587 947 .....
595 904 770 946 ‘Additur
793 908 1088 956 enimAdactylico
1111 909 1256 955 quidem
1278 909 1552 956 spondeadeum,
1577 910 1673 946 unde
1697 911 1805 946 etiam
1829 909 1925 955 apud
1946 910 2142 946 Homerum
2166 910 2347 946 invenitur
2371 920 2497 946 versus
2522 911 2689 946 omnibus

212 991 216 994 -
229 968 398 1015 spondeis
420 973 604 1005 constans:

751 1019 952 1070 Ἀτρείδης·
975 1022 1029 1060 τω
1054 1018 1179 1060 δἀὖτ’
1206 1021 1248 1061 ἐκ
1272 1026 1418 1072 δίφρου
1441 1021 1732 1071 γουναζέσθηνῖ

228 1163 244 1202 ¹
401 1106 592 1146 Diomedes
621 1107 676 1145 ΠΙ
714 1106 751 1153 (Ι
774 1108 922 1152 496‚11)
954 1106 1061 1145 talem
1089 1117 1234 1145 versum
1263 1117 1307 1144 ex
1337 1107 1424 1146 solis
1453 1108 1620 1156 spondeis
1650 1112 1869 1145 constantem
1899 1108 2024 1154 affert,
2066 1108 2129 1144 ubi
2159 1108 2204 1144 de
2235 1107 2360 1154 figuris
2391 1118 2513 1144 versus
2546 1108 2685 1144 heroici

291 1175 329 1202 ιιι
374 1175 412 1201 r:
596 1177 602 1184 ’

244 1174 292 1213 oq
330 1172 373 1203 m
399 1218 551 1260 ‘Versus
581 1213 763 1260 heroicus
783 1223 913 1269 recipit
944 1222 1081 1269 figuras
1114 1224 1261 1270 triginta
1292 1224 1393 1262 duas.
1439 1226 1513 1263 Aut
1544 1225 1638 1262 enim
1666 1236 1712 1262 ex
1740 1225 1905 1262 omnibus
1927 1224 2095 1272 spondeis
2118 1224 2203 1272 erit,
2236 1230 2272 1262 et
2296 1225 2343 1262 ob
2367 1225 2437 1262 hoc
2460 1224 2685 1275 spondiazon

225 1281 370 1330 dicitur,
395 1282 456 1329 qui
479 1282 538 1320 vix
560 1281 660 1330 apud
684 1281 831 1320 latinos
854 1281 1048 1330 invenitur,
1078 1292 1161 1319 raro
1185 1282 1282 1330 apud
1307 1282 1465 1321 Graecos
1488 1288 1561 1331 est,
1584 1288 1649 1321 aut
1673 1284 1743 1321 erit
1766 1285 1871 1321 huius
1897 1285 1993 1320 modi
2018 1294 2142 1321 versus
2166 1285 2540 1330 monoschematistus,
2565 1283 2604 1319 id
2627 1290 2681 1320 est

231 1341 338 1376 unius
361 1339 519 1386 figurae,
542 1345 584 1375 ut
606 1340 638 1375 si
659 1340 770 1376 facias

752 1425 816 1458 ant
839 1421 927 1458 levis
952 1421 1092 1459 lamnas
1114 1421 1211 1459 lento
1235 1421 1372 1460 ducunt
1394 1418 1566 1469 argento.’

227 1500 276 1548 ⁸¹)
301 1497 482 1548 ἐκπέρσαι
510 1488 548 1538 C.
572 1521 617 1527 --
642 1496 893 1548 ἐκπέρσαντες
918 1497 1144 1548 ἐϋκτίμενον
1168 1502 1474 1549 Pseudo-Draco3
1498 1504 1632 1550 legitur
1656 1510 1777 1542 autem
1803 1506 1836 1541 Φ
1859 1507 1947 1542 433:

751 1576 862 1618 Ἰλιόυ
889 1578 1140 1630 ἐκπέρσαντες
1164 1579 1390 1630 ἐϋκτίμενον
1412 1584 1644 1631 πτολίεθρον
1668 1586 1733 1631 (sic
1754 1586 1876 1633 vulgo)

747 1648 862 1688 Ἴλιον
921 1679 1625 1692 .............
1673 1656 1909 1693 Aristarchea
1924 1657 2029 1693 lectio
2044 1657 2196 1703 videtur,
2210 1657 2256 1694 cf.
2270 1658 2323 1693 La
2335 1658 2458 1694 Rocbe
2475 1658 2520 1694 ad
2536 1659 2630 1695 hunc
2649 1671 2684 1696 v.

229 1734 278 1782 ²²)
302 1733 590 1772 Pseudo-Draco
613 1738 650 1770 et
673 1732 837 1770 Triclin.:
866 1728 972 1779 Τομὴ
1006 1730 1049 1768 δὲ
1074 1730 1215 1779 μέτρου
1237 1730 1392 1779 (μέτρου
1416 1744 1485 1770 om.
1508 1734 1632 1780 Tricl.)
1664 1730 1764 1770 ἐστὶν
1790 1730 1985 1781 εὐπρεπὴς
2009 1731 2243 1783 οἳπαρτισμός
2267 1736 2406 1782 λέξεων
2432 1737 2585 1784 (λέξεων
2611 1751 2680 1777 οιιι.

229 1792 351 1838 Harl.;
382 1792 465 1829 add.
488 1792 597 1829 Bern.
621 1793 734 1829 Marc.
758 1791 898 1838 Venet.)
934 1788 976 1827 ἐν
1000 1789 1100 1839 μέσῳ
1125 1792 1260 1837 στίχων
1282 1792 1430 1838 (στιχῶν
1455 1792 1602 1830 Triclin.
1628 1793 1741 1831 Gaisf.
1764 1795 1871 1841 male)
1898 1789 2206 1842 ἄνανεούμενοςς
2240 1795 2346 1833 docet
2370 1795 2498 1834 deinde
2523 1797 2680 1835 Pseudo-

229 1850 367 1888 Draco:
399 1850 466 1887 καὶ
489 1846 649 1897 μάλιστα
675 1846 717 1886 ἐν
741 1851 793 1898 τῷ
816 1845 966 1898 ἡρωϊκῷ
991 1847 1124 1898 μέτρῳ.
1171 1849 1281 1895 Apud
1304 1855 1495 1896 utrumque
1518 1856 1688 1887 secuntur
1710 1852 1872 1898 singulae
1895 1864 2075 1899 caesurae,
2099 1854 2143 1890 de
2168 1854 2298 1900 quibus
2321 1866 2433 1900 supra
2456 1856 2593 1893 dictum
2617 1863 2683 1894 est.

230 1908 330 1954 Quae
353 1909 519 1956 deinceps
543 1909 711 1955 leguntur
735 1909 771 1944 in
790 1908 969 1954 chisiano,
992 1919 1035 1944 ea
1050 1908 1327 1945 Pseudo-Draco
1350 1907 1458 1953 plane
1482 1908 1624 1946 silentio
1648 1911 1844 1957 praeteriit,
1868 1916 1907 1948 at
1922 1912 2114 1949 Triclinius
2137 1912 2242 1959 longe
2257 1914 2340 1951 aliis
2356 1913 2473 1951 verbis
2490 1915 2685 1960 expedivit.

233 1966 280 2013 ²³)
297 1963 537 2014 καταληπτὸν
554 1967 592 2005 G.
633 1968 776 2004 Pannus
800 1967 939 2004 uncinis
962 1965 1122 2003 inclusus
1146 1971 1285 2003 constat
1306 1976 1351 2002 ex
1375 1966 1513 2003 duabus
1535 1968 1711 2014 partibus,
1737 1979 1889 2015 quarum
1913 1971 2013 2016 prior
2037 1981 2148 2016 usque
2172 1972 2218 2008 ad
2238 1972 2255 2019 Η
2276 1972 2392 2009 lineas
2416 1977 2499 2018 post
2516 1973 2563 2018 ²⁹)
2580 1983 2684 2010 snum

230 2071 349 2108 locum
372 2072 457 2109 olim
480 2073 622 2109 videtur
646 2071 826 2117 habuisse,
850 2072 1027 2118 posterior
1050 2071 1171 2117 aliquo
1195 2071 1302 2108 modo
1325 2071 1372 2108 ad
1397 2072 1442 2119 ³⁰)
1467 2074 1635 2118 pertinet.
1685 2073 1731 2118 ²⁴)
1757 2024 1837 2119 uzol
1855 2075 1891 2111 C.
1941 2075 1987 2121 ²⁵)
2014 2031 2088 2111 σῗιλ
2110 2076 2147 2112 C
2198 2077 2243 2123 ²⁶)
2263 2045 2439 2114 ποσότΟ.
2488 2078 2534 2123 27)
2553 2045 2686 2150 τρίμτερ.

229 2142 412 2222 τετράμέρ
432 2176 469 2211 0.
519 2175 563 2221 28)
587 2173 822 2221 τεταγμένοσ
848 2175 982 2218 (129)
1006 2172 1204 2220 διαφόρως
1230 2176 1275 2222 G,
1300 2181 1341 2212 ut
1366 2176 1516 2212 videtur.
1563 2177 1611 2222 ³⁰)
1638 2175 1691 2218 εἰς
1715 2128 1836 2213 off*
1812 2172 1836 2223 ἢ
1862 2133 1961 2224 agn
1945 2173 1962 2187 '¹
1991 2182 2082 2223 συζυ
2112 2180 2149 2216 C.

1397 2317 1421 2372 ξ,
1456 2323 1518 2362 11.

412 2436 512 2478 Τῶν
549 2432 599 2478 δὲ
634 2435 853 2489 μετρικῶν
891 2433 938 2475 οἱ
971 2432 1053 2486 μὲν
1089 2427 1175 2475 ἀπὸ
1214 2435 1435 2488 στοιχείου
1451 2433 1482 2487 ¹)
1513 2429 1730 2490 ἤρξαντο,
1772 2437 1819 2479 οί
1847 2435 1896 2479 δὲ
1927 2432 2012 2480 ἀπὸ
2045 2441 2126 2482 τοῦ
2157 2439 2324 2495 μέτρου
2343 2453 2352 2462 ·
2383 2435 2494 2484 ἀλλὰ
2525 2435 2575 2485 τὸ
2607 2441 2689 2497 μὲν

229 2506 536 2563 γραμματικῆς
571 2504 713 2558 ἴδιον,
745 2498 795 2547 τὸ
834 2501 884 2546 δε
920 2501 1222 2555 ἐντελεστέρας
1258 2499 1474 2557 δεόμενον
1513 2498 1671 2560 ἀκοῆς·
1704 2499 1776 2548 διὸ
1813 2501 1947 2562 ἄμφω
1984 2504 2117 2559 ἐάσας
2154 2503 2177 2551 ὁ
2204 2504 2485 2566 Ηφαιστίων
2528 2511 2577 2554 ἐκ
2605 2513 2690 2555 τοῦ

229 2573 333 2629 περὶ
363 2572 630 2630 συλλαβῆςῖ)
661 2568 839 2629 ἤρξατο.
874 2567 965 2615 ἀλλ’
996 2566 1103 2616 οὐδὲ
1128 2568 1292 2627 ταύτης
1319 2568 1429 2627 ὅρον
1457 2572 1652 2617 δέδωκεν
1680 2592 1740 2626 ως
1767 2575 2088 2632 ἐπταισμένων·
2123 2580 2174 2622 αἱ
2201 2578 2572 2637 μονογραμματοι
2600 2577 2688 2637 γὰρ

232 2640 317 2700 οὐχ
339 2638 591 2698 ὑπάγονται
616 2644 678 2701 τῷ
706 2638 797 2701 ὅρω
824 2644 902 2698 τῆς
927 2643 1167 2698 συλλαβῆς,
1198 2635 1258 2692 ὦς
1285 2640 1494 2693 πολλάκις
1520 2642 1762 2688 δέδεικται;
1784 2670 1842 2676 -
1863 2645 1986 2698 τέλος
2015 2643 2101 2690 σὺν
2127 2650 2221 2706 θεῷ
2250 2651 2343 2693 τῶν
2372 2654 2613 2706 μετρικῶνε
2636 2675 2690 2683 -—

406 2725 571 2777 Quibus
606 2725 762 2769 similia
792 2725 991 2778 leguntur
1020 2724 1064 2768 in
1095 2723 1276 2778 Longini
1305 2724 1615 2779 prolegomenis
1649 2726 1707 2781 (p.
1745 2730 1838 2781 142,
1844 2730 1868 2770 7
1901 2726 2054 2784 Gaisf.)
2089 2733 2132 2774 et
2162 2729 2208 2773 in
2239 2730 2428 2777 Bekkeri
2458 2732 2690 2778 Anecdotis

232 2795 405 2841 Graecis
435 2796 516 2840 vol'.
549 2795 610 2849 11,
642 2808 683 2851 p.
717 2799 800 2840 730
831 2796 875 2838 in
907 2794 1075 2839 scholiis
1106 2794 1161 2838 ad
1191 2794 1385 2851 Dionysii
1417 2793 1594 2838 Thracis
1625 2798 1948 2851 grammaticam
1980 2802 2246 2856 conscriptis.

407 2935 434 2980 ¹)
459 2945 540 2970 στοι
567 2934 606 2971 0.
653 2934 682 2981 ²)
707 2940 769 2969 aut
792 2933 978 2980 συλλαβῆς
1003 2938 1064 2969 aut
1089 2932 1284 2978 συλλαβῶν
1311 2931 1340 2967 C
1361 2943 1426 2977 per
1450 2933 1650 2978 scripturae
1675 2935 1934 2980 compendium.
