2915 3831
1464 199 1518 239 32

264 333 472 379 Attamen
504 345 703 377 versuum
742 333 948 387 ordinem,
989 346 1115 388 quem
1145 334 1245 378 libri
1276 334 1499 391 Aeschylei
1529 335 1785 389 praebeant,
1816 333 2044 380 immutare
2072 335 2147 380 vix
2173 334 2295 390 licet,
2325 335 2422 380 cum
2442 330 2724 393 μελεοκανος
2796 310 2803 317 '⁴
2825 361 2834 371 ·
2854 309 2858 311 V
2886 396 2907 410 ‹.

265 403 322 448 ad
352 405 506 455 ἔκανες
536 407 580 448 et
610 399 889 460 μελεοπαθής
919 404 975 448 ad
996 405 1157 455 ἔθανες
1186 408 1303 449 retro
1333 409 1511 460 spectet,
1532 410 1578 450 et
1595 418 1764 450 versum
1786 409 1865 450 ἴτω
1886 402 1994 463 ’γόος
2013 428 2068 437 -
2092 409 2171 449 ἴτω
2190 401 2336 462 δάκρυ
2348 404 2503 461 proodi
2521 394 2767 453 ultimum

260 485 354 518 esse
378 474 469 518 veri
490 474 628 517 simile
649 474 719 517 sit.
776 473 938 526 Quodsi
968 475 1063 528 quis
1092 474 1227 519 nihilo
1255 475 1395 519 minus
1416 475 1572 520 librum
1593 462 1840 520 chisianum
1861 476 1979 531 sequi
1998 476 2134 530 malit,
2164 476 2202 519 is
2222 478 2348 530 putet
2364 472 2562 531 oporteat
2580 457 2781 531 ipsffi

265 545 445 589 alterius
476 545 635 588 sororis
665 545 1016 589 lamentationem
1048 546 1257 590 contineri
1287 546 1430 591 verbis
1460 549 1614 599 ἔκανες
1643 551 1688 592 et
1717 549 1825 603 αἰαῖ,
1857 547 2032 593 alterius
2062 544 2223 598 ἔθανες
2251 548 2297 590 et
2326 542 2587 610 &verbis-
2655 553 2663 558 “

439 613 550 657 Tota
580 614 713 668 igitur
742 614 928 669 proodus
960 615 1022 658 sic
1051 613 1236 660 fortasse
1267 615 1492 660 scribenda
1522 620 1609 660 est:

1196 695 1277 730 AN.
1324 694 1504 736 παισθεὶς
1530 692 1700 737 ἔπαισας,

1199 753 1266 789 ΙΣ.
1325 756 1452 788 κεῖσαι
1477 749 1678 795 autumnis-z

1196 810 1279 845 AN.
1326 809 1412 855 δορὶ
1438 804 1473 844 δ’
1500 808 1647 852 ἔκανες.

1200 869 1266 907 ΙΣ.
1325 867 1412 913 δορὶ
1437 863 1471 904 δ’
1498 865 1651 910 ἔθανες.

1196 928 1276 963 ΑΝ.
1325 923 1571 974 μελεοπόνος.

1197 987 1262 1021 ΙΣ.
1322 984 1581 1032 μελεοπαθής.

1197 1045 1279 1082 ΑΝ,
1327 1044 1392 1078 ἴτω
1418 1039 1521 1089 γόος.

1182 1103 1263 1137 -ΙΣ,
1324 1102 1389 1137 ἴτω
1415 1097 1551 1147 δάκρυ.

436 1171 646 1217 Secuntur
677 1170 879 1228 deinceps
910 1173 955 1215 in
986 1171 1094 1217 libro
1128 1171 1329 1217 Chisiano
1360 1172 1677 1217 interiectiones
1709 1174 1807 1217 αἰαῖ
1834 1172 1890 1229 ἐέ,
1920 1185 2030 1229 quae
2058 1171 2338 1229 gravissimae
2368 1174 2468 1215 sunt
2498 1170 2553 1214 ad
2573 1174 2714 1215 emen·

259 1243 403 1287 danda
438 1242 611 1285 exordia
641 1241 843 1297 strophae
874 1246 917 1284 et
948 1242 1245 1296 antistrophae
1265 1244 1343 1296 (vs.
1369 1247 1465 1286 966.
1491 1247 1574 1286 978
1596 1243 1769 1298 Dind.);
1800 1245 2026 1299 utrobique
2055 1244 2168 1286 enim
2197 1243 2242 1285 in
2271 1240 2484 1285 codicibus
2514 1239 2736 1302 Aeschyli*

258 1315 402 1356 exstat
433 1306 485 1367 ἠὲ
514 1306 569 1367 ἠέ
596 1311 745 1366 (supra
774 1306 829 1367 ἠέ
855 1306 920 1367 ἠέ,
952 1312 1065 1354 infra
1095 1307 1146 1367 ἠὲ
1175 1307 1227 1367 ἦε
1256 1314 1300 1354 in
1331 1313 1474 1356 codice
1505 1312 1828 1366 Laurentiano).

442 1382 611 1425 Diserte
642 1383 814 1436 quidem
845 1382 1159 1426 demonstravit
1189 1383 1460 1428 Hermannus
1490 1378 1542 1439 ἠὲ
1569 1377 1622 1439 ἠὲ
1651 1383 1766 1428 inter
1796 1396 1966 1428 sorores
1992 1380 2284 1427 distribuenda
2304 1392 2419 1433 esse;
2449 1378 2525 1424 sed
2543 1378 2714 1435 longius

262 1453 448 1496 debebat
483 1452 707 1506 progredi3
749 1463 886 1505 neque
924 1452 1036 1495 enim
1067 1451 1204 1496 solum
1244 1455 1365 1507 patet
1393 1452 1652 1508 Aeschylum
1681 1452 1760 1496 has
1791 1452 2109 1497 interiectiones
2147 1464 2225 1507 per
2254 1451 2444 1495 alternas
2473 1450 2589 1494 vices
2619 1447 2714 1492 cani

257 1523 456 1575 voluisse,
490 1523 563 1566 sed
594 1523 726 1565 etiam
756 1522 883 1566 alteri
915 1522 1051 1566 sorori
1082 1522 1211 1567 aliam
1232 1522 1585 1576 interiectionem,
1617 1523 1746 1567 aliam
1767 1522 1894 1568 alteri
1916 1535 2010 1567 esse
2029 1521 2321 1574 tribuendam;
2352 1524 2395 1564 et
2415 1524 2529 1564 recte
2548 1519 2715 1564 monuit

257 1592 452 1645 Weilius,
483 1591 595 1647 quod
625 1603 792 1636 sorores
823 1594 1039 1645 canerent,
1070 1590 1114 1634 id
1145 1592 1359 1636 sententia
1389 1604 1481 1637 esse
1522 1592 1670 1636 simile.
1740 1593 1792 1636 In
1822 1596 2005 1647 utraque
2035 1596 2179 1636 autem
2208 1590 2501 1635 interiectione
2531 1589 2714 1632 eundem
2780 1636 2784 1641 ,

217 1696 237 1716 4
254 1661 344 1706 fere
367 1674 541 1706 sensum
561 1662 704 1705 inesse
723 1662 821 1715 loci,
851 1661 1005 1716 quibus
1036 1661 1118 1704 hae
1148 1663 1468 1706 interiectiones
1498 1667 1683 1716 exstant,
1716 1664 1883 1717 docent,
1914 1669 1958 1707 et
1978 1661 2222 1707 Dindorfius
2242 1663 2286 1705 in
2303 1661 2457 1705 Lexico
2476 1659 2712 1715 Aeschyleo

260 1731 405 1784 acaffl)
437 1731 626 1785 appellat
646 1731 997 1782 interiectionem,
1030 1743 1115 1784 qua
1135 1732 1272 1775 luctus
1302 1732 1370 1775 vel
1400 1732 1525 1776 fletus
1554 1733 1831 1787 exprimatur,
1869 1737 1912 1777 et
1943 1730 1989 1775 ἐέ
2006 1731 2136 1788 (quod
2155 1734 2413 1784 constanter,
2444 1729 2519 1774 sed
2538 1728 2648 1773 falso
2666 1729 2717 1773 in‘

256 1797 305 1857 ἐή
338 1799 539 1853 mutavit)
570 1800 909 1845 interiectionem
940 1801 1137 1846 dolentis.
1213 1803 1325 1845 Αίαῑ
1351 1803 1484 1857 igitur
1514 1808 1557 1848 et
1587 1802 1632 1847 ἐέ
1659 1803 1715 1848 ad
1745 1804 1826 1848 hoc
1856 1803 1908 1847 de
1937 1815 2020 1858 quo
2051 1803 2207 1859 agitur.
2235 1814 2407 1846 carmen
2435 1800 2712 1844 amoebaeum

255 1871 477 1926 aptissime
507 1870 735 1924 quadrant.
804 1870 942 1914 Simili
972 1875 1116 1915 autem
1147 1873 1272 1916 modo
1303 1874 1415 1928 apud
1446 1874 1697 1928 Euripidem
1727 1879 1771 1918 et
1791 1873 2044 1929 Sophoclem
2072 1873 2154 1917 hae
2182 1866 2498 1916 interiectiones
2528 1874 2572 1914 et
2599 1870 2712 1913 inter

255 1954 303 1985 se
344 1942 593 1985 coniunctae
625 1944 669 1983 et
699 1952 792 1984 sese
824 1941 1084 1995 excipientes
1115 1942 1326 1996 leguntur.
1389 1943 1592 1998 Legimus
1624 1945 1739 1988 enim
1769 1944 1883 1999 apud
1913 1943 2053 1986 illum:

431 2035 587 2079 Alcest.
620 2038 705 2079 873
737 2047 799 2090 sq.
833 2022 837 2026 ’
1155 2038 1480 2080 ΑΛΜΗΤΟΣ.
1513 2038 1619 2080 αἰαῖ.

1158 2108 1371 2147 ΧΟΡΟΣ.
1444 2109 1448 2111 “
1521 2106 1752 2157 πέπονθας
1783 2104 1856 2158 ἄξί
1885 2104 2157 2161 αἰαγμάτων.

1155 2178 1255 2217 ΑΔ.
1524 2176 1577 2218 ε’έ.

435 2245 491 2286 id.
526 2247 609 2286 889
641 2255 702 2297 sq.
739 2243 802 2297 (in
834 2243 1124 2297 antistropha)
1157 2248 1257 2286 AA.
1524 2248 1629 2288 αιάϊ.

1157 2315 1283 2355 ΧΟΡ.
1523 2315 1658 2369 πέρας
1690 2314 1742 2358 δέ
1770 2310 1807 2370 γ’
1843 2310 1981 2358 οὐδὲν
2012 2309 2163 2369 ἀλγῶν
2194 2315 2336 2368 τίθης.

482 2398 484 2400 ’
704 2413 711 2422 .
1154 2386 1254 2424 ΑΛ.
1523 2383 1576 2426 ε’ἐ.

432 2451 602 2507 Hippol.
638 2455 735 2494 594.
1156 2454 1381 2511 ΦᾼΙΛΡΑ.
1522 2455 1618 2495 αἰαῖ
1647 2453 1699 2495 ε’έ.

430 2523 545 2576 apud
577 2521 712 2563 hunc:

430 2592 629 2636 Trachin.
666 2595 864 2637 108L82.
1524 2596 1630 2648 acac,
1663 2584 1698 2637 ὦ
1729 2590 1878 2649 τάλας,

1524 2680 1564 2706 δε

430 2733 593 2776 Deinde
625 2732 670 2775 ἐέ
697 2734 940 2787 praeposito

427 2801 585 2844 Electr.
620 2805 717 2844 827.
1132 2803 1426 2845 ΗΛΕΚΤΡΑ.
1517 2802 1562 2845 εἐ’
1590 2805 1698 2857 αἰαῖ,

430 2872 496 2913 eui
527 2872 569 2913 in
603 2871 872 2925 antistropha
903 2885 962 2914 vs.
998 2876 1081 2914 840
1114 2872 1342 2926 respondet
1373 2872 1429 2926 ἐέ,
1462 2869 1527 2915 ἰώ.

430 2976 659 3020 Contendit
680 2988 783 3019 sane
804 2974 1047 3019 Dindorfius
1070 2977 1113 3018 in
1134 2976 1289 3019 Lexico
1320 2977 1556 3031 Aeschyleo
1578 2990 1618 3031 p.
1646 2980 1728 3019 100
1750 2976 1805 3030 ἐέ,
1822 2971 1950 3030 ‘quae
1970 2981 2015 3020 et
2035 2988 2111 3030 per
2133 2987 2178 3017 se
2198 2974 2307 3016 mira
2326 2972 2436 3017 foret
2456 2973 2709 3026 interiectio,

250 3053 293 3092 et
324 3048 392 3091 cui
423 3047 531 3091 nihil
562 3047 699 3090 simile
730 3051 884 3099 exstet,
918 3050 960 3089 et
992 3059 1099 3100 quae
1130 3047 1324 3091 versibus
1356 3047 1547 3101 pluribus
1577 3048 1851 3101 convellatur,
1882 3059 2061 3101 quorum
2092 3048 2273 3090 metrum
2303 3044 2489 3088 iambum
2509 3042 2708 3100 postulet,
2767 3045 2769 3048 ⁴

250 3130 462 3174 nusquam
494 3111 794 3173 pyrrhichum,'
828 3116 1001 3161 omnino
1032 3129 1116 3160 non
1148 3117 1381 3171 exstitisse,
1414 3118 1488 3161 sed
1519 3118 1675 3173 ubique
1709 3122 1752 3161 et
1783 3118 1827 3160 in
1857 3116 2034 3171 tragicis
2065 3119 2109 3159 et
2138 3116 2183 3158 in
2213 3114 2428 3169 Aristoph.
2460 3115 2589 3169 Vesp.
2624 3116 2707 3157 316

251 3186 300 3246 ἐή
332 3188 648 3232 restituendum
680 3191 788 3240 esse,
816 3182 917 3241 ‘quo
948 3188 1015 3230 vel
1047 3188 1228 3241 simplici
1257 3189 1324 3232 vel
1354 3190 1571 3243 duplicato
1602 3191 1669 3233 usi
1701 3190 1789 3233 sint
1818 3182 1998 3243 tragici'.
2059 3186 2141 3231 Sed
2161 3186 2343 3241 primum
2363 3185 2532 3241 quidem
2552 3184 2708 3228 mirum

429 3351 456 3396 ¹)
482 3351 713 3386 Hei-mannus
736 3348 783 3385 ad
808 3348 916 3394 Soph.
942 3349 998 3384 Ai.
1026 3350 1104 3393 370,
1140 3348 1232 3384 Phil.
1260 3350 1361 3393 1094,
1396 3348 1437 3385 Ο.
1462 3348 1504 3384 R.
1534 3350 1622 3384 1307
1659 3348 1860 3385 observavit
1897 3346 1941 3384 αῖ
1969 3343 2206 3395 θρηνητικόν
2229 3357 2409 3393 nunquam
2434 3346 2584 3394 simplet
2607 3347 2707 3393 poni,

249 3408 312 3445 sed
336 3408 468 3453 ubique
492 3408 676 3453 geminari.
