2915 3831
1470 129 1498 169 9

150 296 156 303 ‹
198 302 201 304 -
229 312 232 315 .
387 267 520 314 flas
558 268 629 312 de-
654 266 782 311 metri
819 262 992 310 iambici
1027 262 1199 308 nomine
1226 264 1396 311 fabulas
1425 265 1537 317 apud
1566 263 1768 306 metricos
1798 262 2063 316 Byzantinos
2092 260 2340 304 notissimas
2368 257 2502 322 fuisse
2531 259 2718 310 constan

223 298 402 404 'neque
408 336 557 395 igitur
582 336 752 391 mirum,
783 333 899 391 quod
926 333 1000 390 qui
1030 345 1105 377 eas
1134 336 1314 378 narrant
1342 332 1468 388 plane
1497 333 1610 377 inter
1640 343 1686 376 se
1715 330 2003 375 consentiunt.
2053 327 2138 374 Sed
2161 328 2302 372 hanc
2290 339 2430 384 ipsam
2449 326 2507 370 ob
2529 336 2718 378 causam,

186 397 199 402 ⁷
248 400 364 464 unde
388 400 512 452 haec
528 404 750 460 congeries
771 403 976 448 Chisiana
1002 402 1253 457 deprompta
1284 402 1354 455 sit,
1384 401 1557 446 difficile
1573 401 1745 445 videtur
1772 400 2032 456 perquisitu3
2063 398 2242 452 accedit,
2272 398 2391 454 quod
2416 409 2470 441 ea
2499 395 2720 441 exordium

249 475 389 525 solum
408 475 592 532 praebet
606 473 822 528 longioris
846 472 1158 527 explicationis,
1184 484 1318 526 quam
1341 471 1555 524 legimus
1542 484 1588 513 m
1609 469 1782 512 scholiis
1801 466 1860 511 132
1878 482 1918 524 p.
1938 471 2033 521 182,
2060 468 2175 522 apud
2195 464 2719 520 Pseudo-Moschopulum,

244 541 442 601 'Heliam3
472 546 610 590 levius
639 545 751 589 hanc
779 556 872 589 rem
901 540 1246 598 perstrinxerunt
1275 539 1503 586 Triclinius
1533 543 1578 585 et
1607 537 1936 585 Pseudo-Draco
1966 550 2062 584 cum
2094 538 2255 584 Isaaco.
2311 538 2500 592 Quorum
2530 534 2721 581 omnium

250 617 387 662 artius
427 616 542 660 inter
581 627 628 659 se
666 626 797 669 quam
835 625 933 657 cum
974 611 1127 655 ceteris
1166 611 1389 656 coniuncti·
1418 615 1518 655 sunt
1548 610 1700 655 Helias
1731 613 1776 653 et
1805 610 1968 653 scholia
1997 608 2076 661 1323
2117 614 2247 664 atque
2277 610 2449 653 Heliam
2478 606 2547 650 vel
2577 606 2721 660 potius

250 684 403 731 Heliae
429 683 709 740 archetypum
729 685 900 727 secutus
920 681 1090 724 videtur
1109 693 1203 724 esse
1225 682 1407 735 scriptor
1426 681 1634 725 materiae
1654 680 1779 723 huius
1801 679 2043 732 chisianae,
2075 680 2112 723 si
2133 680 2379 724 discesseris
2399 693 2426 723 a
2446 675 2590 722 verbis
2611 671 2721 730 ὅπερ

250 752 350 802 ἐστὶ
373 752 450 801 καὶ
479 754 659 809 πικρίας
688 746 917 806 ἀνάμεστα
948 746 1123 805 ῥήματα
1153 748 1314 805 λέγειν,
1345 761 1455 803 quae
1481 750 1524 793 in
1551 749 1589 795 C
1604 749 1776 804 quidem
1801 749 1960 793 omissa
1984 752 2098 802 sunt,
2129 749 2244 804 apud
2273 749 2551 793 scholiastam
2576 749 2721 790 autem

248 816 308 868 13⁵
335 822 506 867 Heliam
535 819 1062 873 Pseudo-Moschopulum
1098 823 1197 872 post
1232 813 1282 862 τὸ
1323 812 1523 872 ὑβρίζειν
1553 818 1702 863 addita
1732 818 1946 873 leguntur.
2009 818 2287 862 Memorabile
2318 822 2548 873 praeterea
2577 818 2646 860 est
2675 815 2720 858 in

250 891 274 948 ἓ
305 897 353 935 4·
387 891 571 935 inveniri
607 887 744 933 πάλαι
781 895 882 932 ante
918 884 1215 943 βουλόμενοι,
1254 888 1367 942 quod
1397 887 1509 931 idem
1539 887 1701 932 habent
1731 887 1880 931 Helias
1912 890 1956 931 et
1986 886 2516 942 Pseudo-Moschopulus‚
2558 885 2719 930 scholia

248 965 394 1005 autem
413 959 472 1004 13²
504 959 762 1012 omiserunt3
793 962 923 1012 atque
951 970 1002 1001 ea
1028 957 1081 1001 de
1109 969 1156 1001 re
1182 970 1234 1001 ex
1263 956 1435 1002 scholiis
1454 956 1511 1001 B2
1538 957 1858 1013 compilatorem
1881 956 2130 1001 Chisianum
2151 969 2230 1014 sua
2250 957 2529 1013 descripsisse
2550 968 2718 1011 negem,

248 1030 452 1086 quoniam
478 1025 615 1073 πάλαι
645 1028 691 1072 in
721 1027 860 1072 tribus
891 1026 1047 1070 libellis
1076 1025 1255 1070 fortuito
1285 1026 1479 1070 additum
1508 1039 1603 1070 esse
1633 1027 1725 1070 veri
1757 1027 1964 1070 dissimile
1995 1028 2178 1079 videtur,
2210 1040 2304 1070 cum
2329 1028 2586 1082 praesertim
2616 1026 2721 1069 haec

167 1091 171 1093 ⁴
247 1112 331 1144 vox
360 1099 472 1155 apud
503 1099 620 1153 ipsos
641 1096 813 1141 Heliam
843 1099 888 1139 et
907 1095 1416 1150 Pseudo-Moschopulum
1446 1097 1627 1151 legatur,
1659 1108 1765 1151 quos
1796 1110 1850 1140 ex
1875 1109 1960 1140 uno
1981 1096 2099 1140 fonte
2120 1097 2316 1141 hausisse
2341 1100 2520 1141 constet.
2572 1095 2720 1139 Etiam

246 1181 359 1225 quae
389 1168 442 1212 de
471 1171 611 1211 metro
640 1166 823 1210 iambico
853 1165 899 1208 in
930 1166 1072 1209 codice
1094 1164 1293 1209 Chisiano
1313 1166 1511 1220 deinceps
1531 1166 1811 1221 explicantur,
1843 1166 2063 1210 frustatim
2084 1179 2179 1211 cum
2200 1167 2329 1211 Helia
2349 1167 2405 1212 ad
2423 1166 2601 1211 verbum
2620 1177 2720 1210 con·

246 1238 452 1292 sentiunt,
477 1249 617 1292 neque
637 1236 751 1292 apud
772 1235 902 1278 alium
924 1246 1178 1290 quemquam
1199 1247 1359 1289 eorum,
1385 1247 1489 1290 quos
1512 1236 1719 1288 novimus,
1743 1236 2016 1281 metricorum
2037 1236 2198 1281 eisdem
2218 1236 2359 1280 verbis
2381 1249 2583 1292 expressa
2602 1239 2717 1280 sunt.

1419 1362 1443 1418 g
1476 1362 1541 1405 4¹³.

349 1501 362 1514 .
423 1463 520 1524 Χρὴ
554 1466 605 1511 δὲ
634 1462 876 1523 εὐρύθμως
905 1473 1053 1509 ποιεῖν
1074 1461 1287 1517 <τούς>
1308 1463 1498 1523 ἰάμβους
1526 1463 1626 1524 ἤτοι
1659 1464 1982 1523 δισυλλάβους·
2008 1466 2082 1512 καὶ
2112 1468 2290 1512 τιθέναι
2312 1468 2362 1513 ἐν
2382 1468 2466 1525 μὲν
2486 1473 2540 1528 τῇ
2559 1469 2715 1528 πρώτῃ

246 1534 370 1598 χώρᾳ
401 1538 646 1582 σπονδεῖον
676 1532 705 1594 ἢ
737 1538 903 1592 ἴαμβον
932 1530 961 1592 ἦ
993 1531 1068 1579 διὰ
1100 1534 1316 1579 στένωσιν
1347 1533 1584 1589 δάκτυλον,
1610 1536 1715 1582 <ἐν
1747 1535 1797 1580 δὲ
1827 1539 1880 1594 τῇ
1913 1537 2101 1594 δευτέρᾳ
2133 1540 2312 1593 ἴαμβον,
2344 1537 2393 1582 ἐν
2425 1537 2476 1583 δὲ
2505 1543 2559 1597 τῇ
2584 1544 2712 1598 τρίτῃ

245 1603 354 1660 τοὺς
384 1607 434 1651 ἐν
463 1610 518 1665 τῇ
546 1604 717 1663 πρώτῃ,
741 1606 944 1650 τουτέστι
976 1607 1219 1649 σπονδεῖον
1248 1604 1323 1649 καὶ
1355 1608 1519 1661 ἴαμβον
1549 1602 1576 1662 ἢ
1610 1602 1685 1651 διὰ
1715 1607 1934 1651 στένωσιν
1966 1604 2263 1663 δάκτυλον>,
2289 1607 2339 1652 ἐν
2372 1606 2422 1654 δὲ
2445 1611 2498 1667 τῇ
2523 1608 2711 1668 τετάρτῃ

247 1680 432 1735 ἴαμβον,
474 1677 523 1722 ἐν
563 1676 613 1722 δὲ
649 1679 705 1734 τῇ
743 1676 917 1732 πέμπτῃ
955 1669 1063 1726 τοὺς
1102 1674 1151 1719 ἐν
1190 1676 1244 1732 τῇ
1282 1671 1436 1759 πρώτῃ
1466 1674 1540 1719 καὶ
1570 1679 1720 1734 τρίτῃ,
1762 1675 1966 1721 τουτέστι
1998 1679 2243 1722 σπονδεῖον
2272 1678 2348 1723 καὶ
2379 1682 2545 1736 ἴαμβον
2574 1676 2603 1738 ἢ
2635 1678 2712 1726 διὰ

248 1746 487 1802 στένωσιν,
518 1741 580 1798 ὥς
609 1749 795 1802 ἔφημεν,
826 1742 1065 1799 δάκτυλον,
1095 1743 1171 1788 καὶ
1201 1743 1295 1798 ἐνί)
1324 1747 1378 1800 τῇ
1409 1744 1512 1802 ἕκτῃ
1541 1741 1625 1789 τὸν
1655 1749 1897 1803 πυρρίχιον
1927 1741 1955 1804 ἢ
1986 1743 2068 1792 τὸν
2100 1752 2277 1805 ἴαμβον.
2310 1746 2391 1794 ἐὰν
2422 1750 2472 1794 δὲ
2504 1752 2713 1809 δυνηθῇς

247 1813 358 1863 ολον
395 1811 478 1861 τὸν
517 1817 671 1873 στίχον
710 1814 755 1868 ἐξ
795 1811 972 1871 ἰάμβων
1009 1814 1215 1870 ποιῆσαι,
1256 1808 1437 1869 ἄριστος
1475 1816 1566 1870 ὲσῃ.
1630 1811 1728 1873 Χρὴ
1772 1815 1822 1859 δε
1852 1825 2027 1872 τηρεῖν,
2069 1819 2144 1861 ἵνα
2175 1815 2234 1875 μὴ
2266 1817 2496 1876 φωνήεντι
2526 1823 2711 1876 φωνῆεν

246 1884 529 1941 ἐπιφέρηται,
567 1883 643 1928 καὶ
680 1885 788 1940 ποιῇ
827 1886 1000 1940 χαίνειν
1038 1877 1120 1925 τὸν
1160 1885 1343 1937 ἴαμβον·
1387 1887 1558 1937 χαίνειν
1600 1885 1653 1928 δέ
1690 1886 1833 1940 ἐστιν,
1875 1882 1955 1930 ἐὰν
1995 1890 2057 1939 εἰς
2096 1888 2267 1933 τέλειον
2307 1890 2440 1945 μέρος
2479 1889 2622 1945 λόγου
2658 1908 2708 1935 το

247 1956 431 2010 φωνῆεν
460 1958 642 2008 τελειοῖ,
672 1953 747 1997 καὶ
776 1950 935 2009 αρ(ιιιο.
971 1953 1008 1997 G
1034 1952 1106 1995 fol.
1130 1956 1204 1995 50
1210 1955 1359 2009 )χηται
1389 1948 1476 1996 ἀπὸ
1508 1952 1788 2010 φωνήεντος·
1822 1950 1923 2000 οἷον

772 2023 864 2073 ἀλλ’
898 2019 934 2072 ὦ
966 2023 1085 2085 σοφὴ
1116 2024 1291 2072 ἄνασσα
1321 2023 1505 2084 ἀνδρῶν
1536 2029 1774 2087 φερτέρα2)

246 2106 448 2150 ἐνταῦθα
478 2108 542 2157 εἰς
570 2101 654 2162 τὴν
679 2101 836 2161 ’σοφὴ’
870 2108 1035 2161 χαίνει,
1069 2100 1218 2161 ἐπειδὴ
1251 2100 1339 2148 άπὸ
1372 2102 1633 2162 φωνήεντος
1664 2102 1845 2162 ἄρχεται
1875 2110 1957 2151 τοῦ
1991 2109 2030 2151 ἆ.
2062 2107 2137 2152 καὶ
2168 2100 2306 2160 αὖθις

771 2179 846 2225 καὶ
875 2184 1098 2237 πυρπολεῖ
1124 2176 1302 2224 ἅπασαν
1332 2182 1661 2237 εἰκονουργίαν.

247 2252 396 2311 ἰδούθ)
426 2259 489 2308 εἰς
517 2251 719 2312 τῆν’λεῗ
742 2259 906 2311 καίνει·
931 2252 1030 2300 ἀλλ’
1054 2258 1116 2308 εἰς
1145 2252 1310 2308 πλάτος
1339 2254 1602 2311 ποιημάτων
1633 2255 1906 2314 συγγνώμης
1936 2257 2147 2315 τυγχάνει
2179 2255 2203 2304 ὁ
2235 2262 2710 2321 χαινοι·αμβιοποιός*).

421 2326 514 2371 Iam
545 2339 676 2382 supra
705 2326 1033 2370 commemoravi
1062 2326 1321 2383 paragraphi
1352 2324 1400 2368 4¹³
1429 2329 1597 2381 partem
1628 2328 1684 2371 ad
1715 2327 1892 2371 verbum
1923 2340 2155 2382 congruere
2186 2342 2283 2374 cum
2305 2331 2430 2375 Helia
2463 2346 2503 2388 p.
2525 2337 2712 2388 74‚11—

246 2398 359 2450 75,4.
421 2395 578 2439 Scribit
619 2397 733 2439 enim
770 2396 840 2439 hic
881 2391 962 2451 χρὴ
1005 2394 1054 2438 δὲ
1094 2391 1334 2450 εὐρύθμως
1373 2404 1520 2439 ποιεῖν
1532 2396 1566 2450 ⁵)
1609 2392 1717 2448 τοὺς
1757 2394 1949 2452 ἰάμβους
1989 2403 2033 2441 et
2073 2400 2242 2443 omissis
2283 2401 2369 2454 eiS,
2411 2404 2565 2457 quibus
2605 2406 2711 2449 illud

244 2459 486 2521 εὐρύθμως
514 2472 662 2508 ποιεῖν
700 2465 745 2507 in
778 2465 816 2509 C
850 2466 1093 2508 accuratius
1124 2465 1383 2519 explicatur,
1424 2466 1565 2519 pergit
1595 2464 1671 2508 καὶ
1702 2474 1857 2527 τηρεῖν
1888 2462 2076 2521 αὐτοὺς,
2118 2468 2193 2510 ἵνα
2224 2463 2283 2524 μὴ
2316 2472 2526 2525 χαίνωσι·
2567 2476 2712 2528 χαίνει

246 2532 296 2577 δὲ
333 2529 356 2577 ὁ
390 2536 570 2588 ἴαμβος,
612 2530 692 2578 ἐὰν
722 2536 785 2585 είς
813 2533 984 2578 τέλειον
1016 2533 1158 2588 (τέλος
1188 2534 1298 2579 falso
1329 2536 1419 2579 cod.
1449 2536 1653 2579 Laurent.
1677 2535 1775 2580 LVI
1810 2536 1883 2590 16)
1916 2536 2049 2594 μέρος
2080 2535 2221 2594 λόγου
2253 2535 2304 2582 τὸ
2337 2542 2521 2596 φωνῆεν
2551 2545 2717 2587 τελειοῖ

245 2598 448 2659 (φωνήεν
477 2605 638 2647 τελείοι
669 2603 779 2647 falso
811 2604 900 2647 cod.
924 2604 1141 2657 Laurent„
1173 2607 1285 2647 teste
1306 2604 1613 2658 Studemundo)
1640 2602 1775 2648 καὶ”
1747 2622 1927 2663 αρχεται
1954 2602 2040 2650 άπὸ
2071 2605 2346 2662 φωνήεντος,
2369 2604 2472 2689 οἷον
2492 2610 2712 2655 ἐνταῦθα

773 2674 864 2722 ἀλλ’
899 2697 934 2723 ω
967 2674 1085 2738 σοφὴ
1118 2692 1313 2723 ανασσα·

243 2754 465 2798 ἐνταυθοῖ
490 2750 577 2809 γὰρ
606 2750 634 2810 ἡ
667 2768 787 2810 σοφη
820 2759 975 2810 χαίνει.
1038 2756 1154 2808 Quae
1192 2759 1383 2810 proxime
1419 2759 1532 2812 apud
1576 2759 1746 2802 Heliam
1783 2764 1985 2802 secuntur
2024 2762 2107 2804 etsi
2139 2774 2166 2804 a
2199 2762 2235 2806 Ο
2263 2763 2389 2816 plane
2434 2764 2706 2819 dissentiunt,

242 2827 388 2869 tamen
418 2823 485 2869 vel
516 2837 566 2869 ex
596 2824 701 2879 illis,
732 2837 843 2879 quae
873 2824 1100 2881 descripsi,
1132 2823 1280 2870 frustis
1310 2825 1362 2871 de
1393 2828 1602 2872 communi
1635 2828 1819 2883 quodam
1842 2827 1995 2873 Heliae
2028 2834 2071 2874 et
2103 2830 2193 2875 eius
2225 2832 2461 2887 scriptoriS,
2493 2835 2567 2889 qui
2598 2834 2709 2879 hane

244 2893 495 2939 Chisianam
534 2896 762 2940 materiam
801 2896 1038 2950 congessit,
1081 2896 1249 2939 vinculo
1289 2898 1494 2941 certiores
1533 2897 1670 2942 fimus.
1733 2898 1846 2950 Quin
1888 2901 2018 2942 etiam
2058 2903 2270 2954 suspicari
2301 2904 2401 2946 licet
2432 2904 2601 2947 Heliam
2631 2918 2710 2949 sua

243 2964 476 3019 sumpsisse
507 2977 560 3008 ex
590 2966 797 3020 scriptore
819 2965 1023 3009 Chisiano
1054 2966 1120 3008 vel
1145 2966 1288 3020 potius
1309 2979 1360 3009 ex
1381 2968 1619 3022 antiquiore
1640 2969 1870 3012 simillimo.
1917 2969 2029 3013 Nam
2049 2983 2144 3014 cum
2165 2972 2246 3025 hic,
2279 2974 2361 3016 etsi
2381 2977 2520 3018 totum
2539 2988 2710 3019 versum

243 3027 336 3077 ἀλλ’
360 3049 396 3077 ω
418 3031 537 3091 σοφὴ
563 3031 620 3091 Ι”
590 3046 766 3079 ανασσα
795 3033 800 3091 Ι
831 3030 1016 3090 ἀνδρῶν
1047 3046 1259 3091 σφετερα,
1290 3037 1335 3080 in
1365 3049 1448 3091 quo
1480 3038 1562 3081 duo
1593 3039 1738 3082 insunt
1768 3038 1925 3093 hiatus,
1958 3039 2099 3093 affert,
2133 3041 2184 3085 de
2214 3043 2357 3097 priore
2387 3047 2557 3088 tantum
2588 3044 2710 3089 hiatu

244 3102 336 3159 (qui
365 3103 479 3148 inter
500 3099 619 3161 σοφὴ
652 3108 696 3148 et
726 3100 902 3148 ἄνασσα
932 3106 1179 3159 intercedit)
1210 3110 1325 3160 agat,
1357 3106 1522 3160 Helias,
1553 3108 1621 3150 cui
1643 3109 1734 3152 sine
1755 3109 1883 3152 dubio
1905 3109 2019 3152 idem
2040 3123 2188 3154 versus
2209 3116 2380 3166 praesto
2401 3112 2497 3167 fuit,
2529 3114 2710 3158 alteram

242 3161 424 3228 partem,
455 3187 567 3228 quae
595 3176 777 3219 alterum
807 3175 972 3219 hiatum
1003 3171 1183 3226 (inter'‘
1154 3188 1329 3219 ανασσα
1349 3184 1393 3221 et
1413 3172 1616 3232 ἄνδρων)
1649 3180 1851 3232 continet,
1883 3181 2077 3233 resecuit,
2110 3186 2345 3225 commotus
2377 3183 2504 3227 simul
2525 3183 2710 3230 fortasse

243 3243 479 3301 depravata
508 3243 654 3300 fontis,
686 3245 799 3289 unde
825 3243 983 3298 hausit,
1005 3238 1190 3300 ἀνδρῶν
1211 3257 1403 3302 σφετερα
1422 3247 1617 3293 lectione.
1667 3247 1811 3294 Codex
1830 3253 1975 3294 autem
1995 3249 2335 3306 Hamburgensis
2358 3252 2429 3307 (cf.
2446 3256 2535 3297 not.
2553 3253 2614 3309 2),
2635 3255 2709 3310 qui

243 3314 523 3370 posteriorem
555 3315 816 3370 paragraphi
848 3313 895 3357 4b
931 3318 1118 3369 partem,
1159 3316 1203 3358 in
1233 3328 1320 3370 qua
1349 3317 1401 3359 de
1430 3317 1553 3361 hiatu
1584 3319 1746 3373 agitur,
1784 3321 1992 3374 continet,
2033 3322 2309 3375 integriorem
2340 3323 2466 3366 huius
2494 3328 2711 3369 tractatus

2390 3396 2414 3436 2
