2915 3831
398 904 474 968 Ex
513 925 795 978 scriptoribus
833 925 1085 979 Byzantinis
1129 937 1224 967 cum
1267 925 1390 966 multi
1430 926 1544 978 typis
1589 924 1791 978 descripti
1833 929 1876 966 et
1925 923 2083 976 publici
2123 923 2228 964 iuris
2269 921 2373 965 facti
2416 923 2526 974 sint,
2576 922 2691 965 haud

215 1007 385 1049 jpaucos
429 1007 508 1048 per
545 993 824 1037 bibliothecas
865 994 1080 1048 dispersos
1121 994 1371 1037 delitescere
1401 994 1552 1038 docent
1582 993 1790 1038 librorum
1821 1006 1951 1036 manu
1990 993 2246 1046 scriptorum
2277 991 2474 1045 catalogi.
2538 992 2692 1037 Insunt

216 1074 331 1109 *sane
370 1063 414 1108 in
454 1062 770 1108 Anecdotorum
809 1062 1149 1117 collectionibus,
1197 1074 1303 1119 quas
1344 1066 1441 1118 post
1480 1062 1764 1108 Villoisonum
1802 1062 1883 1107 hoc
1922 1062 2173 1117 praesertim
2217 1061 2387 1106 saeculo
2430 1066 2692 1106 curaverunt

223 1133 471 1177 Bachmann
506 1132 681 1176 Bekker
713 1132 1006 1176 Boissonnade
1038 1132 1213 1177 Cramer
1243 1132 1331 1175 Mai
1364 1132 1594 1187 Matranga
1626 1133 1738 1176 Rose
1778 1133 1873 1185 alii,
1922 1144 2031 1187 quae
2070 1132 2327 1186 typographi
2367 1132 2487 1186 prelo
2527 1133 2692 1175 intacta

223 1203 364 1250 iacere
403 1206 628 1257 poterant3
671 1202 746 1246 sed
786 1204 988 1256 quoniam
1027 1216 1077 1245 ex
1118 1203 1184 1245 his
1215 1214 1381 1256 quoque
1412 1203 1590 1245 latebris
1621 1203 1827 1246 nonnulla
1858 1203 1913 1245 ad
1945 1203 2217 1255 antiquitatis
2250 1202 2536 1255 cognitionem
2568 1201 2693 1256 perfi-

214 1271 416 1318 ciendam
448 1286 475 1316 a
504 1271 607 1316 viris
639 1271 791 1316 harum
821 1286 964 1316 rerum
994 1273 1142 1328 peritis
1173 1271 1338 1315 adscita
1368 1275 1480 1325 sunt,
1513 1285 1567 1315 ne
1599 1285 1651 1316 ea
1681 1272 1853 1327 quidem
1885 1271 2096 1316 oblivione
2128 1272 2255 1315 velim
2286 1271 2422 1325 obrui,
2453 1284 2563 1327 quae
2593 1285 2619 1315 a
2645 1285 2692 1316 se

223 1342 387 1388 Romae
418 1342 461 1385 in
491 1342 750 1386 bibliotheca
772 1342 976 1387 Chisiana
1007 1354 1119 1386 anno
1144 1346 1252 1386 1866
1279 1343 1491 1397 descripta
1514 1343 1750 1386 Guilelmus
1771 1343 2035 1386 Studemund
2053 1346 2308 1396 praeceptor
2330 1354 2449 1385 meus
2473 1342 2692 1386 sodalibus

225 1412 443 1456 seminarii
471 1411 677 1466 philologi
707 1413 1087 1466 Argentoratensis
1118 1412 1338 1455 occasione
1369 1413 1470 1455 data
1502 1412 1743 1465 proposuit,
1785 1416 1832 1455 ut
1862 1416 2023 1465 quanto
2054 1424 2180 1464 opere
2212 1424 2284 1454 ars
2316 1412 2494 1455 metrica
2526 1412 2693 1466 Byzan-

224 1482 412 1526 tinorum
444 1481 781 1535 magistellorum
810 1483 975 1526 incuria
1004 1483 1320 1536 degenerasset,
1353 1481 1566 1525 luculento
1598 1481 1719 1525 nobis
1752 1481 2067 1525 demonstraret
2097 1481 2310 1535 exemplo;
2343 1481 2521 1525 comiter
2548 1486 2692 1525 autem

223 1551 419 1605 permisit
450 1550 551 1593 mihi
575 1550 902 1607 Studemundus,
934 1557 982 1596 ut
1011 1552 1115 1596 haec
1134 1551 1354 1595 Anecdota
1376 1550 1590 1604 Chisiana,
1624 1550 1660 1593 si
1691 1551 1853 1604 vellem,
1886 1551 1940 1594 ad
1960 1550 2087 1594 fidem
2108 1551 2264 1594 codicis
2288 1550 2480 1594 Chisiani
2501 1552 2686 1597 ederem.

224 1619 365 1662 Multa
393 1620 565 1673 quidem
595 1622 868 1664 continentur
898 1622 963 1664 his
995 1634 1105 1674 quae
1135 1621 1292 1674 publici
1322 1621 1429 1662 iuris
1460 1620 1615 1663 faciam
1645 1621 1877 1663 Anecdotis
1903 1620 2130 1672 Chisianis,
2162 1634 2272 1674 quae
2303 1622 2416 1664 haud
2448 1623 2511 1665 ita
2542 1624 2688 1675 magni

225 1690 447 1733 aestimari
477 1690 663 1744 possint;
696 1693 772 1735 sed
803 1697 846 1735 et
876 1693 930 1735 ad
960 1692 1183 1735 historiam
1214 1691 1434 1735 doctrinae
1458 1690 1660 1733 metricae
1681 1691 1984 1744 pertexendam
2006 1692 2137 1734 etiam
2159 1692 2472 1736 remotissimae
2494 1692 2688 1736 latebrae

224 1759 539 1816 perreptandae
570 1765 670 1806 sunt
689 1765 733 1807 et
754 1774 807 1807 ne
827 1762 1003 1807 minima
1023 1760 1212 1817 quidem,
1245 1773 1356 1817 quae
1386 1760 1592 1806 memoria
1613 1772 1765 1816 parum
1786 1760 1917 1817 digna
1939 1760 2213 1816 videbantur,
2246 1774 2298 1807 ex
2329 1761 2410 1808 hac
2440 1762 2688 1809 collectione

224 1841 420 1876 resecare
450 1831 591 1886 licuit,
622 1833 824 1887 quoniam
854 1833 1054 1887 Iosephus
1086 1832 1273 1889 Coynoni
1302 1835 1347 1875 et
1378 1831 1516 1885 Scipio
1550 1831 1766 1885 Gappelli,
1799 1832 1871 1888 qui
1902 1833 1982 1876 viri
2014 1834 2375 1887 praestantissimi
2406 1834 2689 1878 bibliothecae

227 1900 454 1945 Chisianae
496 1914 610 1946 anno
656 1907 764 1947 1866
809 1908 1059 1959 praeerant,
1105 1903 1203 1945 libri
1246 1902 1437 1945 Chisiani
1479 1903 1748 1945 describendi
1791 1902 2039 1946 facultatem
2084 1917 2133 1946 ea
2177 1905 2401 1948 dumtaxat
2444 1906 2691 1949 condicione

226 1976 527 2016 concesserunt
557 1973 868 2028 Studemundo,
910 1979 959 2018 ut
998 1978 1074 2018 aut
1111 1973 1217 2017 nihil
1256 1972 1355 2016 inde
1395 1972 1689 2027 depromptum
1729 1972 1877 2016 ederet
1914 1977 1989 2016 aut
2021 1974 2221 2027 metrica,
2263 1986 2372 2029 quae
2403 1975 2447 2018 in
2478 1975 2551 2020 illo
2582 1976 2690 2020 libro

225 2043 439 2095 inessent,
471 2048 678 2097 quantum
710 2045 799 2087 fieri
830 2050 994 2099 posset,
1027 2046 1195 2098 integra
1225 2043 1340 2098 typis
1371 2043 1644 2096 exprimenda
1676 2047 1858 2085 curaret.

404 2113 574 2158 Invenit
613 2118 756 2158 autem
789 2114 1103 2159 Studemundus
1142 2114 1318 2157 metrica
1356 2113 1431 2156 illa
1471 2113 1515 2155 in
1555 2112 1698 2156 codice
1730 2111 1934 2157 Chisiano
1977 2115 2248 2159 miscellaneo
2264 2114 2295 2169 ¹)
2328 2116 2365 2159 R
2398 2117 2458 2160 IV
2495 2121 2543 2160 11
2579 2130 2690 2162 saec.

227 2181 342 2226 XIV.
374 2182 562 2227 ineuntis
603 2184 674 2228 fol.
707 2188 780 2228 48Γ
804 2196 916 2239 sqq.,
958 2184 1032 2238 qui
1063 2195 1156 2227 cum
1188 2196 1213 2226 a
1244 2182 1535 2238 tachygrapho
1568 2183 1754 2238 scriptus
1785 2184 1862 2238 sit,
1904 2184 1975 2239 qui
2009 2184 2152 2228 multis
2185 2186 2297 2230 notis
2330 2187 2420 2230 sive
2452 2189 2691 2243 scripturae

228 2253 486 2306 compendiis
523 2256 736 2298 liberrime
775 2257 996 2308 utebatur,
1039 2268 1124 2297 non
1165 2253 1304 2297 facilis
1342 2258 1408 2296 est
1447 2253 1501 2296 ad
1537 2253 1776 2307 legendum.
1839 2255 2104 2298 Praecedunt
2137 2257 2326 2300 metricis
2357 2258 2441 2302 illis
2473 2260 2516 2301 in
2549 2260 2691 2303 codice

228 2321 429 2367 Chisiano
459 2330 658 2380 excerpta
688 2330 731 2369 et
763 2326 870 2370 sacri
901 2330 945 2370 et
974 2323 1215 2380 philosophi
1246 2323 1498 2379 argumenti.

403 2393 484 2436 Sed
523 2396 773 2451 priusquam
814 2395 868 2438 ad
909 2408 1014 2450 opus
1054 2396 1192 2450 ipsum
1223 2394 1537 2449 suscipiendum
1567 2407 1635 2438 me
1665 2396 1897 2450 conferam,
1943 2397 1994 2440 (16
2026 2409 2074 2439 ea
2107 2397 2293 2451 ratione,
2335 2411 2463 2453 quam
2493 2402 2691 2457 magistri

224 2462 454 2519 Byzantini
484 2464 528 2508 in
560 2465 836 2520 congerendis
866 2466 1058 2510 materiis
1088 2465 1276 2508 metricis
1308 2465 1441 2509 secuti
1474 2469 1594 2519 sunt,
1627 2465 1815 2510 breviter
1844 2466 2086 2522 praefabor.

402 2533 621 2588 Quotquot
651 2537 765 2579 enim
795 2540 938 2579 aetate
961 2536 1201 2591 Byzantina
1232 2535 1285 2577 de
1316 2548 1362 2578 re
1393 2535 1569 2577 metrica
1600 2537 1873 2590 scripserunt,
1906 2538 2062 2580 scrinia
2094 2539 2218 2580 unius
2249 2537 2338 2581 fere
2363 2540 2694 2594 Hephaestionis

227 2603 506 2647 Alexandrini
549 2609 592 2647 et
634 2606 793 2649 scholia
833 2607 877 2649 in
918 2607 1031 2649 iUius
1070 2605 1352 2649 enchiridium
1390 2605 1442 2648 de
1480 2607 1629 2649 metris
1668 2608 1840 2651 condita
1881 2608 2237 2662 compilaverunt;
2286 2623 2369 2664 quo
2408 2610 2568 2655 factum
2608 2622 2691 2666 est,

226 2679 276 2719 ut
305 2674 473 2718 metrici
502 2674 752 2731 Byzantini,
794 2677 829 2721 si
861 2677 1087 2721 recesseris
1120 2676 1174 2719 ab
1204 2677 1290 2731 eis,
1321 2688 1431 2730 quae
1462 2676 1516 2719 ad
1546 2676 1718 2731 regulas
1749 2678 2021 2732 prosodiacas
2053 2678 2302 2724 immutatas
2335 2686 2553 2736 spectant,
2595 2686 2694 2728 novi

226 2756 363 2800 paene
399 2744 506 2788 nihil
536 2750 850 2800 componerent.
912 2746 1059 2800 Neque
1089 2758 1187 2789 vero
1217 2749 1355 2788 totam
1386 2746 1609 2788 enchiridii
1639 2747 1877 2790 doctrinam
1909 2748 1982 2790 sed
2014 2749 2207 2803 singulas
2237 2754 2407 2794 tantum
2439 2758 2604 2807 partes,
2646 2761 2695 2798 ut

227 2827 422 2870 quaeque
446 2819 575 2870 aptae
594 2816 864 2871 videbantur,
887 2817 968 2862 sibi
993 2820 1284 2872 sumpserunt3
1311 2828 1362 2860 ac
1385 2828 1439 2860 ne
1463 2816 1658 2862 omnibus
1683 2817 1855 2872 quidem
1877 2818 2062 2873 scholiis,
2085 2831 2196 2874 quae
2223 2821 2354 2866 etiam
2375 2835 2487 2867 nunc
2510 2828 2693 2878 exstant,

228 2885 296 2928 usi
327 2888 446 2938 sunt,
486 2886 561 2929 sed
593 2887 630 2929 si
660 2898 883 2941 regressus
914 2888 998 2931 eris
1030 2900 1055 2930 a
1086 2887 1266 2930 Trichae
1296 2890 1340 2929 et
1370 2886 1621 2930 Tzetzarum
1652 2888 1821 2942 scriptis
1854 2893 1897 2931 et
1929 2889 2098 2932 scholiis
2130 2890 2383 2946 Byzantinis
2415 2894 2470 2935 ad
2501 2899 2696 2939 veterum

226 2960 451 3011 poetarum
489 2969 619 3011 opera
654 2958 985 3012 pertinentibus,
1027 2958 1217 3001 omnium
1253 2958 1526 3000 metricorum
1557 2956 1897 3012 Byzantinorum
1923 2960 2088 3004 libellos
2121 2973 2350 3015 cognosces
2383 2965 2573 3009 minutiis
2605 2968 2696 3022 qui-

406 3117 435 3163 ¹)
459 3118 591 3155 Latere
620 3119 785 3156 videntur
809 3120 874 3156 sub
899 3120 1116 3165 posteriore,
1147 3118 1191 3154 de
1215 3129 1285 3163 qua
1310 3117 1386 3154 sola
1409 3129 1575 3164 agemuS,
1609 3120 1789 3164 scriptura
1814 3122 1905 3157 sacri
1930 3123 2132 3167 argumenti
2156 3123 2359 3170 fragmenta
2383 3132 2419 3162 et
2445 3128 2589 3163 saeculo
2615 3127 2692 3165 fere

228 3177 274 3213 X.
290 3176 348 3214 vel
364 3176 427 3213 XI.
444 3178 580 3222 scripta
602 3182 637 3214 et
658 3178 863 3222 antiquiora
885 3178 1059 3214 nonnulla
1081 3177 1206 3220 (veluti
1227 3177 1264 3213 in
1279 3176 1366 3212 folio
1383 3177 1448 3212 98ν
1467 3177 1576 3213 verba
1593 3187 1636 3212 ex
1657 3177 1857 3223 Evangelio
1875 3180 2068 3216 secundum
2086 3181 2219 3218 Lucam
2244 3185 2349 3228 23,44
2365 3196 2443 3230 sqq.
2462 3185 2697 3233 deprompta)

227 3231 434 3272 maiusculis
462 3235 595 3272 litteris
621 3230 805 3272 ‘cursivis'
831 3241 995 3283 exarata3
1025 3234 1112 3272 folia
1146 3235 1318 3282 rescripta
1349 3233 1552 3270 accuratius
1587 3235 1791 3271 examinare
1825 3236 2056 3281 pristinamve
2083 3240 2300 3285 scripturam
2329 3243 2544 3280 resuscitare
2569 3243 2699 3281 Stude·

229 3293 360 3330 mundo
382 3299 533 3339 propter
557 3295 730 3339 temporis
755 3294 939 3338 angustias
963 3306 1035 3329 non
1059 3294 1172 3330 licuit.

2352 3364 2407 3404 l*
