2915 3831
1414 164 1440 206 6

181 296 280 339 Alia
310 296 426 340 enim
459 295 663 339 Chisiano
693 298 937 342 communia
967 303 1070 343 sunt
1100 311 1198 343 cum
1228 301 1528 356 Ammosiano,
1560 302 1648 347 alia
1675 314 1771 347 cum
1795 271 2084 349 Saibantiano
2107 303 2210 358 (boc
2236 304 2410 350 nomine
2433 299 2679 355 brevitatis
2786 274 2802 289 p

184 376 316 410 causa
346 366 482 418 utor);
515 364 712 419 plurimis
743 370 888 411 autem
920 367 1026 412 locis
1057 369 1194 412 multo
1224 371 1362 414 artius
1393 370 1508 415 inter
1531 383 1579 415 se
1602 372 1763 414 habent
1789 372 2006 415 vinculum
2027 370 2260 417 chisianus
2285 378 2332 417 et
2344 372 2666 437 Sn'bantianns
2732 383 2735 386 ·

185 447 311 491 quam
338 448 436 479 cum
458 436 755 489 Ambrosiano,
783 438 857 491 qui
883 438 1142 494 archetypi
1130 440 1361 494 imaginem
1381 442 1554 486 omnino
1575 441 1854 495 integriorem
1874 441 2096 487 reddidit.
2122 441 2205 488 Sed
2224 442 2431 499 quoniani
2448 428 2663 501 perpa'm
2728 437 2731 441 ⁸
2783 493 2786 498 ,

182 505 228 548 in
267 504 348 549 hac
387 505 659 560 paragrapho
701 505 832 561 digna
876 512 998 562 sunt,
1040 522 1150 564 quae
1189 514 1523 566 cognoscantur,
1561 524 1613 556 ea
1643 515 1814 556 tantum
1845 515 2047 568 excerpta
2076 512 2305 566 exhibebo,
2346 503 2457 570 qu‘ae
2486 514 2673 592 maioris?
2688 547 2705 561 x
2737 558 2742 562 .

186 574 329 629 aliquo
360 575 484 619 modo
514 577 722 620 momenti
753 576 956 621 videntur
987 591 1092 622 esse.

360 645 517 700 Incipit
547 647 680 699 igitur
700 645 724 700 ξ
752 651 796 690 1⁵
815 647 858 690 in
882 647 1086 693 Chisiano
1107 648 1184 704 (G)
1208 650 1286 694 sic:
1319 651 1383 693 Αι
1401 645 1642 705 ὀνομασίαι
1663 653 1755 694 τῶν
1776 650 1952 706 μέτρων
1973 653 2290 698 τοιαῦτα<ι>
2319 646 2662 708 ωνομάσθησαν
2710 646 2714 650 ”

183 709 271 758 ἀπὸ
309 714 503 771 ῥυθμῶν
541 710 570 771 ἢ
603 711 816 759 ἐθνῶν“
788 735 815 774 η
850 717 1117 762 συνθέσεων
1147 714 1175 777 ἢ
1208 716 1430 775 ἀριθμῶν.
1462 723 1698 777 πυρρίχιος
1728 718 1883 777 μὲν,”
1857 737 1926 764 οτι
1956 724 2047 764 κτλ.
2080 720 2300 774 (secuntur
2336 723 2493 766 similia
2530 726 2661 778 atque

185 785 230 828 in
262 784 376 830 Saib.
402 785 470 840 (S)
503 790 546 830 et
577 787 775 831 Ambros.
799 786 880 841 (A)
905 820 1131 832 .........
1163 786 1274 833 κατὰ
1308 792 1521 833 διποδίαν
1554 790 1604 834 δὲ
1635 790 1937 845 συντιθέμενα
1968 786 2022 834 τὰ
2054 789 2310 847 καλούμενα
2340 807 2613 848 πυρριχιακα
2626 793 2661 847 ¹)

184 854 258 896 καὶ
289 853 574 910 τετράμετρα,
607 872 673 897 ων
704 852 1015 911 ὑποδείγματα
1028 857 1062 910 2)

715 954 784 993 ἴθι
815 947 923 1005 μόλε
955 948 1211 1008 ταχύποδος
1223 951 1257 1007 3)
1291 950 1361 995 ἐπὶ
1394 950 1574 1008 δέμας4)
1607 948 1799 1008 ἐλάφου·

654 1024 684 1087 †
714 1029 1115 1087 <πτεροφόρον>
1129 1033 1163 1085 5)
1194 1030 1405 1089 χεριδόνα
1417 1032 1452 1086 ⁶)
1483 1032 1716 1088 καθομένα
1730 1034 1777 1087 ⁷).

354 1118 402 1165 Ὁ
442 1121 490 1166 δὲ
531 1131 739 1179 τροχαῖος
779 1128 870 1167 κτλ.
1025 1124 1099 1167 καὶ
1139 1121 1226 1181 γὰρ
1261 1121 1512 1181 Ἀρχίλοχος
1527 1126 1561 1178 8)
1602 1124 1672 1168 ἐπὶ
1709 1127 1802 1168 τῶν
1839 1126 2069 1181 θερμῶνθ)
2101 1120 2440 1179 ὑποθέσεωνω)
2464 1123 2656 1187 αὐτῷίί)

183 1195 358 1249 χρῆται·
393 1188 452 1244 ὥς
485 1193 532 1236 ἐν
564 1195 625 1252 τῷ

716 1276 759 1331 ίῆ
780 1274 858 1330 12),
899 1271 1008 1332 πῆδ’
1042 1271 1172 1332 ἥτ’23)
1205 1272 1396 1329 ἄνολβος
1427 1271 1683 1331 ἀθροίζεται
1716 1274 1926 1331 στρατός;

182 1355 257 1399 καὶ
290 1351 541 1411 Εὐριπίδης
574 1356 666 1409 (Or.
688 1357 792 1411 729)

714 1441 897 1482 θᾶσσον
929 1435 958 1495 ἥ
990 1434 1030 1494 μ’
1060 1438 1194 1495 ἐχρῆν
1226 1441 1487 1495 προβαίνων
1519 1436 1682 1495 ἱκόμην
1715 1435 1770 1483 δι’
1804 1436 1974 1490 ἄστεος.

353 1514 399 1561 Ὁ
432 1518 481 1562 δὲ
514 1522 673 1574 ἴαμβος
699 1523 790 1563 κτλ.
899 1521 1094 1575 sequitur
1121 1521 1194 1564 illa
1222 1520 1272 1563 de
1295 1521 1458 1574 origine
1480 1521 1719 1563 iamborum
1740 1520 1888 1563 fabula
1907 1521 2070 1563 inserto
2092 1532 2219 1564 versu
2240 1517 2460 1575 ἄνθρωπ’,
2491 1518 2660 1565 ἄπελθε

181 1592 297 1644 κτλ.,
347 1589 399 1632 de
446 1600 529 1642 quo
571 1589 686 1633 infra
724 1590 989 1643 Videbimus;
1040 1591 1181 1646 pergit
1222 1591 1275 1634 C:
1319 1589 1406 1632 Καὶ
1448 1586 1535 1645 γὰρ
1576 1592 1860 1645 Καλλίμαχος
1899 1588 2001 1644 περὶ
2039 1585 2299 1644 Ἀρχιλόχου
2336 1590 2481 1646 λέγων
2512 1591 2561 1635 ἐν
2591 1593 2654 1650 τῷ

180 1658 421 1715 νοαφίφᾞ
454 1662 615 1713 φησίν·

713 1730 890 1773 εἵλκυσε
922 1727 1088 1786 δριμύν
1118 1746 1164 1772 τε
1194 1726 1330 1785 χόλον
1360 1725 1512 1783 κυνὸς,
1545 1725 1594 1780 ὃς
1624 1724 1694 1773 ἀπ’
1727 1725 1998 1784 ἀμφοτέρων

714 1795 788 1842 ἰὸν
821 1799 940 1855 ἐκχεῖ·
968 1796 1202 1855 στομάτων
1234 1794 1445 1854 ὀξύτερον
1476 1798 1666 1854 κέντρον
1697 1796 1882 1855 σφηκός.

182 1876 462 1934 Λοιδορικὸν
493 1876 580 1935 γὰρ
611 1876 662 1923 τὸ
695 1880 880 1936 μέτρον·
913 1881 986 1923 καὶ
1020 1883 1237 1936 ἰαμβίζειν
1267 1877 1316 1924 τὸ
1349 1882 1589 1935 λοιδορεῖν.

360 1963 614 2012 Σπονδεῐος
646 1960 695 2004 δὲ
726 1956 814 2005 άπὸ
848 1963 930 2005 τοῦ
964 1961 1077 2005 ε’παυ
1110 1962 1209 2017 (inc.
1244 1962 1280 2005 C
1308 1960 1378 2004 fol.
1411 1961 1510 2015 48')
1543 1960 1738 2017 λομένου
1768 1968 1865 2012 ταῖς
1897 1963 2114 2013 σπονδαῖς
2145 1961 2343 2017 ῥυθμοῦ,
2379 1957 2478 2004 οἷον

713 2041 1042 2097 σπένδωμενὶὅ)
1068 2049 1162 2093 ταῖς
1193 2039 1450 2098 μνάμαιςίθ)
1480 2041 1699 2096 παισὶνΠ)
1730 2040 1921 2096 μούσαις

711 2112 784 2154 καὶ
816 2115 877 2170 τῷ
912 2110 1155 2169 μουσάρχςο
1194 2115 1371 2162 Λατοῦς
1384 2112 1436 2165 ¹²3)
1468 2112 1636 2164 vsevw).

180 2188 208 2249 ἢ
250 2190 317 2236 ὅτι
355 2191 634 2249 μακρότατός
647 2193 699 2247 2⁰)
742 2194 834 2236 ἐστι
866 2196 959 2236 τῶν
993 2189 1239 2248 ὁμογενῶν.
1272 2195 1333 2244 εἰς
1362 2191 1556 2249 χρόνους
1588 2191 1638 2236 δὲ
1668 2189 1868 2248 μακροὺς
1899 2188 2127 2248 εὐχόμεθα
2159 2189 2380 2246 σώζεσθαι
2411 2191 2573 2246 πάντες
2585 2193 2654 2250 ²¹).

359 2273 597 2325 Δάκτυλος
627 2271 714 2318 άπὸ
748 2278 842 2318 τῶν
874 2272 1134 2328 δακτύλων,
1168 2270 1247 2325 οὓς
1277 2273 1573 2331 ἐπιλαβομένη
1606 2277 1683 2332 τῆς
1713 2276 1794 2332 γῆς
1823 2278 1914 2318 κτλ.
1945 2309 2061 2320 .....
2095 2269 2123 2332 ἢ
2156 2271 2224 2319 ὅτι
2257 2276 2304 2319 οἱ
2331 2275 2541 2331 μουσικοὶ
2572 2271 2654 2321 τὸν

179 2347 263 2402 μὲν
295 2347 345 2390 ἐν
378 2348 635 2389 διπλασίονι
668 2342 809 2401 λόγον
823 2343 877 2400 22)
913 2346 1078 2400 ἰάμβον
1109 2345 1344 2398 καλοῦσιν,
1386 2341 1497 2389 ὅταν
1533 2340 1560 2402 ἡ
1594 2342 1721 2402 ἄρσις
1750 2347 1828 2401 τῆς
1857 2344 2028 2397 θέσεως
2060 2347 2309 2389 διπλασίων
2339 2337 2388 2402 ᾖ,
2430 2343 2655 2390 δάκτυλον

181 2414 231 2461 δὲ
262 2412 345 2460 τὸν
376 2416 426 2460 ἐν
459 2420 541 2475 ἴσῳ
574 2413 712 2471 λόγον
727 2414 780 2470 23)
814 2419 892 2458 κτλ
896 2447 1021 2457 .....
1045 2411 1156 2457 ὥστε
1188 2414 1261 2457 καὶ
1291 2411 1372 2457 τὸν
1403 2411 1686 2458 ἀνάπαιστον
1718 2412 1777 2466 ὡς
1807 2414 1918 2470 πρός
1948 2432 1996 2469 γε
2027 2412 2076 2458 τὸ
2106 2416 2238 2470 γένος
2258 2419 2408 2459 καλῶν
2431 2413 2656 2460 δάκτυλον

180 2483 265 2531 οὐκ
295 2482 354 2531 ἂν
386 2483 686 2543 ἁμάρτοιςᾘ).
740 2487 932 2542 Pergunt
962 2486 998 2530 G
1017 2491 1060 2529 et
1082 2487 1134 2530 S:
1166 2481 1246 2529 τὸν
1279 2484 1326 2529 δὲ
1358 2481 1649 2542 άμφίβραχυν
1680 2490 1769 2529 κτλ.
1883 2486 2016 2530 desin.
2050 2480 2131 2529 τὸν
2164 2483 2212 2529 δὲ
2244 2481 2471 2529 δάκτυλον
2501 2479 2656 2544 ἡρῶον

179 2560 368 2601 καλοῦσι
402 2553 477 2600 διὰ
509 2553 560 2600 τὸ
593 2553 716 2615 αὐτῷ
749 2552 915 2613 ἡρώων
946 2552 1103 2612 γενεὰς
1132 2555 1206 2598 καὶ
1237 2553 1414 2610 πράξεις
1445 2559 1786 2611 καταλεχθῆναι.

361 2673 387 2717 ¹)
413 2639 545 2717 πυρρέ,
578 2671 614 2706 C.
666 2672 692 2716 ²)
720 2672 1014 2717 παραδείγματα
1041 2670 1086 2715 S,
1112 2665 1328 2715 ὑπόδειγμα
1353 2673 1388 2705 A
1414 2676 1507 2707 teste
1532 2670 1793 2715 Studemundo,
1819 2664 2036 2715 άπόδειγμα
2061 2670 2097 2705 Α
2121 2669 2219 2715 apud
2243 2669 2409 2705 Keilium.
2459 2670 2657 2707 Numerum

178 2730 399 2777 singularem
435 2741 507 2766 non
541 2730 633 2765 male
670 2731 792 2774 posuit
827 2732 996 2766 metricus
1031 2729 1310 2774 Ambrosianus,
1347 2729 1432 2774 quia
1466 2728 1511 2765 de
1545 2740 1615 2765 uno
1651 2728 1818 2774 exemplo
1852 2740 1897 2765 ex
1929 2728 2148 2774 pyrrhichiis
2181 2733 2367 2765 constante
2398 2728 2458 2774 agi
2492 2729 2654 2767 credidit.

178 2826 208 2871 ³)
241 2790 393 2870 vazv'ng
422 2824 468 2867 C,
503 2821 726 2869 ταχύποδος
752 2824 780 2859 S
803 2825 839 2859 A
878 2826 972 2870 (nam
999 2826 1035 2858 A
1069 2832 1212 2868 quoque
1242 2827 1331 2859 teste
1355 2822 1597 2859 Studemundo
1622 2817 1843 2867 ταχύποδος
1868 2821 1951 2868 [per
1975 2821 2175 2868 scripturae
2199 2822 2449 2868 compendium
2471 2824 2578 2870 satis,
2612 2829 2656 2861 ut

177 2931 331 2977 videtur,
358 2929 512 2976 certum]
541 2930 709 2974 praebet,
735 2941 807 2965 non
831 2925 1045 2973 ταχύποδε,
1071 2929 1166 2973 quod
1191 2928 1332 2964 Keilius
1358 2928 1489 2964 ibidem
1513 2927 1633 2973 legere
1656 2927 1724 2963 sibi
1749 2927 1845 2964 visus
1871 2927 1949 2971 est).
1997 2926 2025 2971 ⁴)
2054 2894 2190 2962 ἐπίθες
2210 2927 2254 2973 C',
2282 2922 2345 2963 ἐπὶ
2369 2925 2490 2975 δεσμὰ
2516 2928 2560 2974 S,
2592 2925 2655 2966 ἐπὶ

177 2983 306 3035 δέμνι’
332 2989 479 3026 Santen.
505 2988 551 3025 ad
576 2988 722 3025 Terent.
749 2988 868 3026 Maur.
894 3000 930 3034 p.
960 2988 1045 3033 113,
1081 2982 1143 3023 ἐπὶ
1176 2984 1294 3032 δέμας
1326 2986 1396 3022 iam
1421 2985 1602 3031 Bergkius
1636 2990 1731 3032 poet.
1758 2985 1825 3032 lyr.
1851 2985 1921 3021 111³
1948 2987 2038 3021 1347
2071 2996 2116 3021 ex
2140 2987 2176 3022 A
2205 2986 2352 3032 recepit.
2404 2987 2505 3022 Alter
2534 2992 2656 3024 autem

176 3059 300 3086 versus
323 3049 482 3094 graviter
509 3052 706 3093 corruptus
731 3058 803 3093 quo
831 3047 936 3083 modo
962 3045 1202 3082 restituendus
1227 3046 1282 3090 sit,
1308 3046 1414 3081 etiam
1439 3056 1534 3081 nunc
1558 3046 1730 3081 incertum
1756 3050 1821 3081 est.
1836 3044 1848 3091 1
1864 3044 1944 3080 Ηοο
1972 3048 2091 3080 tamen
2115 3048 2258 3081 constat
2280 3043 2328 3081 ad
2352 3055 2497 3082 sensum
2520 3046 2654 3092 proba-

173 3107 308 3154 biliter,
333 3107 378 3143 ad
402 3106 558 3144 formam
582 3106 674 3143 falso
703 3104 973 3151 Westphalium
998 3104 1089 3139 haec
1113 3107 1327 3148 temptasse:

854 3176 1081 3226 πτεροφόροι
1098 3169 1102 3236 1
1119 3175 1229 3225 χερὸς
1255 3173 1443 3221 <ἄπο>
1462 3168 1466 3236 1
1483 3177 1648 3224 καθιὲμε
1666 3169 1670 3236 1
1687 3193 1737 3214 να
1763 3177 1979 3227 <βέλη>.

172 3266 247 3300 Aut
279 3266 373 3301 enim
408 3266 549 3310 egregie
582 3265 690 3301 fallor
720 3270 783 3300 aut
808 3269 893 3308 post
923 3268 1118 3308 quaternas
1143 3261 1300 3308 syllabas
1325 3267 1363 3296 ut
1387 3261 1535 3296 verbum
1559 3262 1827 3308 terminaretur,
1862 3261 1977 3306 legem
2002 3261 2069 3298 sibi
2094 3261 2337 3299 constituerat
2360 3267 2468 3308 poeta
2492 3261 2676 3309 quisqnis·

175 3369 256 3407 fuit.
305 3370 335 3416 ὅ)
369 3367 618 3417 πτεροφόρον
643 3373 700 3414 A,
735 3366 982 3416 πτερόφορον
1018 3367 1055 3403 S.
1115 3366 1143 3412 ⁸)
1178 3332 1323 3412 χερσόῖ
1341 3366 1387 3411 S,
1420 3361 1636 3412 χαιρηδόνα
1664 3365 1713 3410 Ο,
1749 3362 1929 3411 χελιδόνα
1955 3368 2001 3403 A.
2061 3368 2088 3413 ⁷)
2114 3332 2265 3403 mogw'
2285 3367 2332 3412 Ο,
2356 3365 2582 3414 καθομένα,
2615 3370 2657 3403 ut
