2915 3831
1439 132 1466 172 4
1986 183 1989 185 ,
2179 167 2187 175 .
2461 170 2466 174 -
2492 176 2495 179 s
2528 154 2537 157 ’
2621 154 2625 156 “
2674 149 2683 159 *
2776 143 2910 184 *³³3

213 266 400 311 busdam
440 266 630 321 exceptis
662 266 719 309 ad
754 266 980 311 enchiridii
1011 267 1347 323 Hephaestionei
1378 269 1541 314 scholia
1570 269 1628 322 Β,
1665 274 1714 314 ut
1744 268 1916 314 Rudolfi
1947 268 2206 324 Westphalii
2234 221 2550 322 significatione
2581 261 2749 322 utar,
2774 308 2781 315 .

214 335 467 380 referendos
498 347 604 388 esse,
637 339 680 379 et
712 347 808 379 cum
839 337 902 379 eis
933 336 989 379 ad
1020 336 1196 380 verbum
1227 339 1477 393 saepissime
1509 340 1749 392 convenire,
1782 350 1834 381 ex
1854 338 2044 382 scholiis
2058 341 2201 382 autem
2225 324 2569 395 antiquioribus,
2580 341 2715 393 (μἰαοΧ
2802 252 2914 397 ⁹⁴}

214 405 531 460 Westphalium
575 405 712 447 secuti
752 404 791 448 A
832 406 1121 461 appellamus,
1164 406 1335 450 omnino
1376 407 1483 451 nihil
1521 408 1728 453 adscitum
1767 420 1874 452 esse.
1936 407 2031 460 Qua
2068 410 2212 452 autem
2248 405 2417 450 ratione
2446 405 2624 475 singula
2650 407 2710 452 et‘
2738 402 2746 408 ”’
2822 403 2830 409 “
2904 412 2908 418 ·

214 476 329 517 inter
361 487 406 517 se
437 477 481 516 et
511 485 605 515 cum
638 473 812 516 scholiis
844 474 880 516 B
912 475 1193 527 cohaereant,
1226 477 1521 529 Westphalius
1552 478 1779 530 explicavit
1809 478 1853 519 in
1882 477 2006 529 libro,
2038 477 2111 531 qui
2140 475 2389 518 inscribitur
2410 469 2591 517 Metrik
2618 472 2699 526 'der

215 539 519 587 Griechen'12
548 556 589 595 p.
627 547 871 586 196—214.

395 625 529 668 Docet
567 624 681 665 enim
721 624 884 667 scholia
916 624 952 667 B
990 625 1339 679 Hephaestionea
1369 625 1553 672 conflata
1584 641 1679 671 esse
1710 641 1760 672 ex
1790 626 1930 672 tribus
1960 624 2155 682 partibus
2185 624 2300 669 inter
2330 635 2377 669 se
2407 624 2622 670 contextis
2652 625 2698 668 et

216 692 420 747 confusis,
452 703 634 748 quarum
665 691 806 747 prima
830 692 896 749 (α)
927 705 978 737 ea
1009 705 1120 748 quae
1152 707 1203 739 ex
1235 696 1327 750 ipso
1357 696 1590 741 enchiridio
1623 699 1823 751 excerpta
1854 695 1942 739 sint
1971 694 2198 751 praebeat3
2229 693 2367 736 altera
2390 692 2457 748 (β)
2481 693 2695 748 quaedam

214 775 267 806 ex
306 763 503 806 doctrina
532 762 871 816 Byzantinorum
913 764 1093 804 metrica
1135 765 1386 816 deprompta
1428 766 1761 817 complectatur3
1805 766 1936 806 tertia
1967 763 2031 817 (y)
2073 763 2256 816 denique
2297 763 2552 815 antiquioris
2592 763 2696 806 licet

214 835 393 884 originis
426 846 511 873 non
542 838 690 873 tamen
722 845 775 873 ex
807 835 899 883 ipso
930 834 1166 876 enchiridio
1197 835 1388 886 profecta
1419 836 1487 878 sit.
1543 836 1729 878 Primam
1762 835 1875 879 enim
1902 836 2070 889 partem
2092 829 2157 888 (α)
2188 829 2364 878 fluxisse
2392 844 2445 877 ex
2465 829 2690 878 enchiridii

216 903 429 956 capitibus
460 897 561 954 περὶ
594 900 822 966 ἰαμβικοῦ,
853 898 954 955 περὶ
986 902 1244 957 τροχαϊκοῦ,
1275 900 1374 958 περὶ
1403 902 1691 958 δακτυλικοῦ,
1722 901 1824 959 περὶ
1845 898 2193 954 ἀναπαιστικοῦ;
2225 901 2353 947 alteri
2375 900 2440 957 (β)
2461 900 2692 945 tribuenda

216 984 310 1017 esse
349 970 577 1023 nonnulla,
619 982 730 1026 quae
768 969 902 1015 insint
940 972 985 1015 in
1017 971 1273 1017 scholiorum
1305 973 1340 1016 B
1373 974 1513 1028 capite
1542 970 1639 1016 Ἕτι
1670 972 1770 1029 περὶ
1802 975 2038 1029 ἰαμβικοῦ,
2078 976 2217 1016 totam
2246 970 2348 1028 περὶ
2378 973 2462 1013 τοῦ
2493 970 2693 1025 ἐλεγείου

216 1042 584 1098 compilationem,
618 1045 748 1097 caput
778 1040 880 1097 περὶ
910 1043 993 1084 τοῦ
1023 1037 1407 1098 Ἀνακρεοντείου;
1441 1049 1598 1095 cetera,
1632 1057 1740 1098 quae
1772 1045 1815 1086 in
1848 1045 2019 1087 scholiis
2050 1044 2086 1085 B
2118 1044 2404 1095 inveniantur,
2436 1042 2594 1085 tertiae
2625 1039 2693 1097 (γ)

214 1125 309 1155 esse
339 1114 492 1166 partis.
545 1112 628 1153 Sed
659 1112 764 1153 haec
796 1113 956 1153 scholia
979 1113 1025 1163 B,
1059 1126 1167 1166 quae
1199 1114 1323 1155 hodie
1355 1116 1396 1155 in
1428 1115 1686 1157 editionibus
1719 1114 1941 1157 enchiridii
1964 1112 2298 1167 Hephaestionei
2320 1110 2690 1165 circumferantur,

214 1196 299 1227 non
343 1195 437 1226 esse
478 1182 646 1234 eadem,
690 1194 800 1235 quae
843 1182 1072 1237 scriptores
1111 1182 1171 1227 rei
1212 1184 1410 1228 metricae
1440 1183 1673 1240 Byzantini
1711 1183 1871 1240 partim
1909 1182 2200 1239 excerpserint
2239 1181 2397 1238 partim
2429 1181 2485 1226 ad
2513 1181 2693 1226 verbum

214 1252 611 1307 transscripserint3
654 1263 756 1295 nam
797 1264 893 1295 cum
934 1252 979 1295 in
1020 1252 1170 1296 horum
1211 1254 1379 1308 scriptis
1420 1266 1505 1297 non
1547 1267 1683 1310 pauca
1724 1254 1944 1309 legantur,
1986 1266 2096 1308 quae
2137 1258 2286 1296 nostra
2327 1253 2488 1295 scholia
2527 1253 2564 1295 B
2604 1265 2689 1295 non
2739 1272 2742 1273 ⁷

215 1323 478 1373 contineant,
511 1322 687 1364 dubium
719 1334 805 1363 non
838 1334 944 1374 esse,
977 1323 1078 1375 quin
1111 1324 1154 1364 in
1187 1323 1520 1376 Byzantinorum
1553 1337 1632 1365 usu
1662 1325 1871 1377 integrior
1901 1324 2112 1377 quaedam
2144 1322 2399 1365 scholiorum
2429 1322 2465 1365 B
2497 1321 2695 1365 collectio

214 1391 359 1443 fuerit,
392 1403 502 1444 quae
534 1390 590 1432 ad
620 1403 698 1432 nos
730 1403 817 1432 non
848 1392 1105 1444 pervenerit.
1154 1392 1234 1433 His
1267 1397 1408 1435 autem
1441 1393 1613 1435 scholiis
1630 1393 1683 1435 B¹
1706 1405 1790 1446 qua
1812 1394 1882 1435 via
1903 1396 2034 1445 atque
2055 1392 2222 1435 ratione
2241 1390 2502 1444 posteriores
2523 1389 2695 1434 metrici

213 1461 281 1503 usi
321 1463 467 1504 essent
482 1459 514 1512 ¹)
555 1462 851 1513 perscrutatus
883 1461 1176 1514 Westphalius
1217 1473 1288 1504 eos
1329 1462 1372 1504 in
1412 1462 1519 1505 duas
1560 1466 1704 1515 partes
1736 1461 1904 1513 divisit,
1944 1473 2125 1515 quarum
2155 1460 2288 1515 priori
2318 1459 2473 1503 tribuit
2503 1458 2697 1503 Pseudo-

213 1528 456 1573 Draconem
469 1526 504 1583 2)
543 1529 742 1571 Isaacum
783 1529 1042 1572 Monachum
1058 1528 1093 1581 3)
1136 1530 1397 1574 Demetrium
1428 1531 1700 1584 Triclinium,
1742 1532 1862 1575 cuius
1902 1531 1955 1574 de
1995 1530 2145 1572 metris
2185 1528 2434 1584 opusculum
2474 1532 2696 1573 tractatus

214 1597 441 1641 Harleiani
481 1598 649 1641 nomine
689 1597 826 1641 fertur
841 1598 898 1652 ⁴),
940 1599 1066 1642 alteri
1105 1599 1275 1642 Heliam
1314 1600 1569 1644 Monachum
1613 1605 1656 1643 et
1696 1598 2229 1653 Pseudo-Moschopulum
2245 1596 2294 1652 ⁵).
2354 1598 2534 1641 Illorum
2573 1599 2691 1641 enim

214 1669 346 1710 trium
387 1668 554 1710 libellos
597 1668 719 1711 docet
758 1669 821 1710 ita
860 1669 973 1710 inter
1015 1681 1059 1711 se
1099 1669 1360 1721 consentire,
1400 1673 1448 1712 ut
1488 1682 1558 1712 eos
1598 1683 1648 1712 ex
1687 1682 1772 1713 uno
1811 1669 2045 1723 eodemque
2085 1667 2203 1711 fonte
2234 1667 2409 1711 haustos
2439 1679 2535 1711 esse
2564 1679 2692 1712 nemo

215 1739 271 1781 sit
301 1738 375 1790 qui
416 1741 567 1790 neget;
608 1750 954 1791 unumquemque
985 1750 1130 1781 eorum
1162 1739 1244 1790 eis,
1283 1750 1392 1792 quae
1423 1738 1594 1782 scholiis
1626 1736 1682 1781 B2
1712 1738 2033 1791 contineantur,
2072 1739 2217 1792 partes
2249 1748 2302 1780 ex
2332 1736 2424 1791 ipso
2454 1735 2693 1781 enchiridio
2748 1770 2750 1772 -

214 1811 437 1861 excerptas
469 1806 646 1860 addere3
679 1806 954 1861 descripsisse
985 1810 1210 1862 praeterea
1242 1807 1345 1862 ipsis
1378 1808 1519 1852 verbis
1540 1808 1896 1862 Hephaestioneis
1927 1819 2051 1851 usum
2084 1806 2260 1851 exordia
2291 1818 2436 1849 eorum
2463 1806 2690 1850 enchiridii

215 1877 428 1931 capitum,
469 1876 513 1919 in
553 1876 708 1930 quibus
750 1880 888 1919 metra
919 1874 1191 1930 πρωτότυπα
1223 1882 1486 1929 tractentur,
1528 1884 1703 1931 excepto
1734 1890 1820 1921 uno
1851 1876 1952 1931 περὶ
1985 1879 2258 1919 δακτυλικοῦ
2289 1877 2449 1929 capite3
2491 1877 2692 1920 omisisse

215 1945 401 2001 denique
441 1958 493 1988 ea
535 1957 644 2000 quae
685 1945 848 1989 scholia
879 1944 936 1987 Β2
975 1958 1027 1988 ex
1066 1945 1300 1989 enchiridio
1341 1946 1693 2000 deprompserint.
1756 1946 1927 1988 Heliam
1965 1949 2107 1988 autem
2139 1944 2397 1987 Monachum
2430 1949 2473 1988 et
2502 1945 2693 1989 Pseudo-

214 2015 541 2068 Moschopulum
582 2016 896 2068 praetermissis
937 2016 1133 2057 omnibus
1175 2016 1237 2058 eis
1277 2017 1492 2069 partibus,
1534 2029 1644 2069 quae
1685 2016 1846 2059 scholia
1876 2014 1933 2057 Β2
1972 2018 2015 2057 et
2056 2027 2165 2068 quae
2202 2014 2264 2057 illi
2296 2018 2405 2066 tres,
2446 2026 2552 2068 quos
2583 2014 2690 2069 dixi,

215 2084 383 2127 metrici
414 2096 465 2126 ex
496 2083 731 2126 enchiridio
762 2084 1043 2137 sumpserint,
1085 2084 1192 2126 nihil
1224 2085 1428 2138 praebere
1459 2086 1540 2128 nisi
1571 2098 1662 2128 eam
1695 2085 1941 2136 materiam,
1974 2096 2100 2138 quam
2133 2083 2294 2127 scholia
2326 2082 2382 2125 Β2
2413 2096 2464 2126 ex
2495 2083 2689 2128 fontibus

213 2155 242 2208 β
275 2157 318 2197 et
348 2169 377 2209 γ
414 2150 515 2207 περὶ
558 2153 793 2206 ίαμβικοῦ,
833 2150 934 2208 περὶ
967 2153 1260 2206 δακτυλικοῦ,
1301 2152 1400 2208 περὶ
1431 2155 1514 2196 τοῦ
1546 2153 1763 2210 ἐλεγείου,
1802 2152 1903 2209 περὶ
1934 2155 2016 2196 τοῦ
2046 2148 2411 2209 Ἀνακρεοντείου
2451 2153 2687 2197 hauserint.

214 2224 378 2275 Quibus
411 2223 653 2276 explanatis
676 2223 968 2276 Westphalius
1001 2224 1081 2265 hoc
1111 2224 1335 2276 proposuit
1367 2228 1548 2265 stemma
1580 2225 1845 2277 scriptorum,
1879 2235 1984 2276 quos
2012 2236 2063 2266 ex
2085 2223 2139 2265 B¹
2162 2223 2306 2276 aliquo
2328 2222 2452 2266 modo
2472 2223 2693 2268 derivatos

213 2306 311 2337 esse
343 2296 537 2336 censeret
568 2290 628 2347 (Ι2
662 2293 782 2346 199);

392 2454 418 2499 ¹)
446 2453 663 2499 Antiquiora
688 2453 825 2489 scholia
850 2453 901 2499 B,
927 2463 1021 2498 quae
1047 2453 1153 2489 hodie
1178 2454 1213 2489 in
1239 2454 1419 2490 codicibus
1446 2454 1745 2501 Hephaestioneis
1769 2465 1841 2491 non
1865 2459 2017 2499 exstant,
2042 2459 2128 2490 nota
2145 2454 2190 2489 B¹
2218 2454 2444 2499 signifieab03
2471 2454 2691 2501 recentiora,

212 2523 304 2558 quae
335 2512 380 2547 ad
410 2523 475 2548 nos
507 2517 765 2556 pervenerunt,
803 2512 861 2545 13².
923 2513 950 2557 ²)
983 2508 1207 2555 Δράκοντος
1234 2512 1522 2557 Στρατονικέως
1552 2514 1613 2558 qui
1638 2513 1756 2549 fertur
1780 2512 1868 2558 περὶ
1892 2511 2039 2558 μέτρων
2064 2512 2274 2557 ποιητικῶν
2299 2511 2461 2548 libellum
2485 2522 2557 2549 non
2582 2521 2692 2558 posse

211 2570 393 2607 Draconis
428 2569 703 2606 Stratonicensis
737 2559 814 2606 es'se
849 2569 920 2605 iam
954 2570 1140 2615 perspexit
1171 2570 1411 2618 Hermannus5
1449 2571 1493 2607 cf.
1528 2571 1642 2618 praef.
1668 2571 1853 2616 editionis,
1888 2580 1994 2616 quam
2028 2570 2165 2605 curavit
2199 2570 2295 2615 Lips.
2325 2571 2423 2605 1812.
2474 2570 2614 2605 Deinde
2639 2570 2686 2605 K.

209 2629 384 2667 Lehrsius
419 2629 457 2663 in
490 2629 677 2664 Analectis
711 2629 955 2673 grammaticis
989 2640 1024 2673 p.
1050 2631 1119 2664 402
1145 2640 1221 2674 sqq.
1256 2629 1511 2666 demonstravit
1546 2631 1703 2676 priorem
1727 2635 1866 2677 partem
1893 2628 1993 2675 (περὶ
2018 2625 2218 2674 διχρόνων)
2244 2629 2290 2665 ad
2313 2628 2515 2664 Draconem
2541 2627 2687 2664 omnino

209 2700 282 2726 non
315 2699 394 2725 esse
429 2686 672 2732 referendam,
708 2686 769 2723 sed
795 2687 1057 2732 posterioribus
1082 2688 1305 2734 temporibus
1329 2688 1538 2736 Byzantinis
1563 2693 1786 2735 congestam3
1821 2688 1973 2724 alteram
2000 2691 2140 2733 partem
2166 2685 2267 2732 (περὶ
2291 2684 2438 2732 μέτρων
2462 2686 2689 2732 ποιητικῶν,

209 2748 254 2785 cf.
281 2746 476 2784 editionem
504 2745 546 2781 G.
572 2745 768 2781 Hermanni
793 2756 828 2790 p.
849 2746 928 2792 124)
962 2758 1005 2781 ex
1033 2746 1179 2782 scholiis
1204 2747 1233 2782 B
1258 2747 1557 2791 Hephaestioneis
1582 2752 1793 2792 excerptam
1819 2757 1899 2783 esse
1924 2746 2047 2782 docuit
2072 2745 2311 2781 Rossbachius
2342 2743 2413 2780 ind.
2440 2744 2520 2781 lect.
2546 2744 2689 2781 hibern.

208 2806 410 2843 Vratislav.
438 2806 548 2848 18583
583 2810 766 2839 auctorem
800 2810 918 2840 autem
954 2805 1062 2840 huius
1095 2806 1273 2850 congeriei
1310 2805 1419 2842 fuisse
1453 2806 1656 2842 Manuelem
1687 2804 1963 2851 Moschopulum
2000 2807 2093 2840 teste
2122 2801 2345 2849 Westphalio
2370 2802 2404 2838 1²
2431 2803 2497 2839 137
2532 2801 2691 2839 coniecit

207 2864 391 2912 Bergkius
426 2874 471 2899 ex
506 2862 645 2900 scholio
680 2861 726 2897 ad
751 2861 1059 2908 Hephaestionem
1093 2876 1127 2909 p.
1153 2866 1174 2898 2
1208 2865 1244 2900 in
1280 2864 1400 2901 codice
1426 2865 1718 2900 Meermanniano
1753 2869 1932 2901 exstante:
1966 2857 2232 2908 Διαλαμβοένει
2257 2861 2344 2907 περὶ
2367 2858 2515 2897 τούτων
2540 2857 2686 2908 Κύριος

207 2919 405 2968 Μανουὴλ
444 2917 487 2957 ἐν
521 2921 572 2968 τῷ
606 2917 833 2968 καλουμένῳ
869 2917 1003 2968 πρώτῳ
1038 2918 1273 2968 πλατύτερον
1307 2919 1400 2969 μετὰ
1435 2924 1575 2969 πολλῆς
1607 2917 1707 2968 ἄγαν
1740 2918 1957 2970 ἀκριβείας,
1991 2919 2057 2955 καὶ
2088 2914 2108 2955 ὁ
2137 2915 2372 2966 βουλόμενος
2399 2916 2559 2956 ἐκεῖθεν
2585 2915 2688 2956 mit&

209 2983 364 3018 εἴσεται.
416 2980 487 3016 Sed
522 2989 568 3015 ne
601 2978 709 3014 huius
736 2978 849 3013 libelli
874 2979 1060 3024 scriptoris
1084 2991 1211 3015 nomen
1236 2981 1448 3016 confundam
1475 2992 1555 3016 cum
1581 2981 1643 3016 illo
1667 2980 1906 3025 Moschopulo
1932 2978 2114 3023 Cretensi,
2149 2977 2193 3012 de
2217 2988 2288 3022 quo
2313 2977 2351 3013 in
2374 2983 2450 3014 not.
2477 2980 2499 3014 5
2530 2978 2686 3024 dicetur,

208 3039 571 3076 Pseudo-Draconem
596 3047 677 3073 eum
704 3035 908 3082 appellabo.
959 3037 985 3080 ³)
1014 3037 1065 3073 Gf.
1092 3038 1313 3074 Bachmanni
1330 3039 1462 3075 Anecd.
1481 3050 1596 3084 graec.
1614 3039 1649 3075 II
1669 3040 1864 3076 169—196.
1914 3038 1943 3084 ⁴)
1969 3036 2020 3073 Cf.
2044 3035 2325 3082 Hephaestionis
2348 3035 2553 3083 editionem,
2578 3046 2685 3083 quam

209 3097 440 3135 Gaisfordius
464 3096 606 3134 curavit
623 3095 754 3131 Oxonii
774 3096 876 3140 1855,
901 3095 971 3131 vol.
991 3096 1007 3131 I
1026 3097 1127 3132 317—
1143 3098 1223 3131 334.
1272 3097 1298 3140 ⁵)
1318 3097 1493 3132 Manuelis
1509 3097 1739 3143 Moschopuli
1758 3097 1938 3133 Cretensis
1961 3095 2103 3131 nomine
2125 3104 2145 3130 e
2169 3094 2291 3130 codice
2307 3095 2688 3140 Reginaehradeciano

206 3156 302 3193 eruit
335 3154 378 3191 F.
404 3154 521 3191 Nicol.
551 3154 655 3189 Titze
687 3152 865 3198 libellum,
901 3154 962 3198 qui
996 3154 1203 3189 inscribitur
1237 3151 1397 3201 ἐπιτομὴ
1425 3154 1494 3190 νέα
1522 3157 1785 3202 γραμματικῆς
1813 3155 1912 3200 Lips.
1938 3158 1975 3190 et
1999 3153 2106 3197 Prae.
2135 3153 2242 3198 18223
2275 3152 2445 3198 praefixit
2470 3152 2572 3189 Titze
2596 3152 2685 3189 huic

206 3213 312 3251 titulo
332 3207 595 3259 εΜοινουήλου
630 3206 937 3259 Μοσχοπούλοτῖ
963 3212 1155 3250 fallacibus
1189 3215 1388 3251 rationibus
1422 3215 1565 3260 ductus3
1600 3226 1682 3251 nam
1707 3213 1913 3250 Manuelem
1937 3211 2214 3257 Moschopulum
2246 3222 2319 3248 non
2352 3210 2467 3249 fuisse
2500 3217 2687 3249 auctorem

205 3273 315 3309 huius
338 3272 454 3308 libelli
480 3277 638 3308 constat:
670 3271 714 3307 cf.
740 3270 913 3306 Adolfum
941 3272 1053 3317 Hart,
1078 3273 1122 3309 de
1146 3273 1308 3320 Dionysii
1333 3274 1484 3310 Thracis
1509 3275 1763 3318 grammaticae
1788 3274 1946 3319 epitoma
1969 3270 2102 3317 partim
2126 3269 2279 3316 inedita,
2305 3281 2396 3316 quae
2421 3276 2474 3308 est
2497 3271 2535 3307 in
2559 3270 2687 3308 codice

205 3329 349 3368 Veneto
373 3330 561 3367 Marciano
585 3329 744 3366 DXXXI
768 3339 804 3374 p.
825 3330 884 3374 11;
920 3329 964 3366 cf.
990 3335 1180 3376 praeterea
1205 3332 1488 3378 Westphalium,
1521 3332 1630 3369 Metr.
1655 3333 1687 3369 d.
1713 3332 1775 3368 Gr.
1800 3332 1834 3367 1²
1861 3333 1928 3369 198
1952 3330 2072 3368 adnot.
