2915 3831
1342 4 1429 93 ,35

175 266 195 296 Α-
302 270 308 280 ,
1129 221 1510 291 Epimetrum
1543 221 1663 280 111.

169 361 176 367 ,
215 368 236 372 ,
291 305 300 310 ”
1076 328 1140 372 De
1168 328 1386 385 EurIpidis
1417 329 1568 376 Bacch.
1606 333 1735 374 1051:

205 394 233 411 ’-
816 413 875 478 ἦν
906 417 944 465 δ’
965 395 1113 476 ’ἄγκος
1142 416 1451 478 ὖψίκρημνο
1464 439 1513 477 ν,
1544 419 1681 467 ὕδασι
1713 419 1975 477 διάβροχον.

224 538 226 542 v
350 511 423 550 Pro
447 506 644 561 ὑψίκομον
670 513 739 559 (ita
762 510 972 559 chisianus)
995 510 1168 558 praebent
1193 511 1295 549 codd.
1319 512 1445 560 Eurip.
1470 506 1751 560 ἀμφίκρημνον,
1787 511 1924 550 scholia
1947 517 2069 550 autem
2102 511 2133 549 B
2157 511 2355 559 Hephaest.
2380 505 2629 560 ὑψίκρημνον
2672 504 2680 511 ”

178 572 215 605 et
228 567 394 617 deinceps
407 564 513 617 ὄρεσι
527 571 773 619 περίδρομον.
797 570 886 607 Οιιιιι
901 563 1098 616 ὑψίκομον
1115 581 1159 607 ex
1175 564 1420 617 ὑψίκρημνον
1437 581 1559 608 errore
1573 576 1697 607 natum
1713 581 1789 607 esse
1800 577 1985 617 appareat,
1998 572 2197 617 quaeritur,
2214 575 2336 607 utrum
2353 566 2628 617 ἀμφίκρημνον

176 627 295 675 aptius
317 627 469 675 quadret
490 630 538 666 ad
561 624 692 676 ἄγκος,
714 640 762 667 an
784 623 1041 688 ὑψίκρημνον.

345 682 475 732 ’Ἄγκος
497 687 674 734 appellari
698 687 817 725 locum
838 679 1035 724 concavum
1058 691 1096 723 et
1119 692 1365 733 praeruptum,
1390 687 1453 724 sed
1475 688 1513 724 in
1536 688 1716 725 montibus
1741 689 1847 725 situm
1871 688 2018 725 adnotat
2034 688 2236 735 Stephanus
2261 689 2300 725 in
2316 689 2505 726 Thesauro
2529 699 2555 725 s
2576 700 2626 726 v..

178 743 272 784 conf.
295 745 578 786 et'nmSuidasI
600 748 646 786 57
670 744 918 796 (Bernhardy)
943 749 980 783 et
1003 744 1163 783 Zonaras
1185 745 1203 782 1
1226 745 1272 782 30
1294 744 1375 794 (qui
1392 746 1492 784 varia
1507 746 1758 794 commiscuit);
1785 745 1880 793 quod
1896 751 2014 783 autem
2031 746 2160 785 Suidas
2177 747 2349 785 vocabulo
2366 729 2626 794 ὑψικάρηνον,

180 804 302 852 quod
290 816 329 842 m
342 804 554 853 fragmento,
576 817 649 852 qno
669 817 755 843 usus
769 810 836 852 est,
860 805 1026 851 occurrit,
1050 805 1224 841 adductus
1247 805 1284 841 in
1307 807 1641 851 interpretationem
1663 802 1810 850 Ἄγκος·
1836 801 1987 851 ὑψηλὸς
2008 807 2079 841 τοῦ
2105 802 2222 851 ὅρους
2245 804 2363 848 τόπος
2386 807 2534 852 incidit,
2556 807 2627 842 hoc

96 854 102 860 ’
176 873 321 902 moneo:
354 874 431 902 non
464 865 624 910 quemvis
657 865 777 903 locum
812 868 1022 901 montanum
1054 873 1133 900 esse
1171 857 1309 909 ἄγκος,
1341 863 1404 901 sed
1433 875 1624 902 concavum
1658 868 1694 900 et
1726 868 1971 911 praeruptum.
2018 862 2150 902 Melius
2172 864 2284 911 igitur
2307 864 2500 912 explicavit
2522 864 2625 901 Eust.

181 927 219 969 p'.
244 921 393 970 1498,15
417 916 540 968 ἄγκεα
572 919 616 959 δὲ
640 918 754 958 τόποι
779 915 926 968 ὀρεινοὶ
949 915 1198 967 ἀνακείμενοι
1222 916 1256 957 δ’
1284 919 1359 957 ἔστι
1384 922 1593 968 χθαμαλαὶ,
1630 922 1823 966 ταπεινοὶ,
1856 922 1921 957 καὶ
1947 917 1997 963 ὡς
2023 921 2064 957 οῖ
2085 924 2249 958 παλαιοί
2268 934 2385 969 φασι,
2414 920 2624 969 φάραγγες,

177 982 306 1017 κοῖλοι
327 977 441 1018 τόποι
463 984 563 1027 κτλ.;
587 982 754 1020 'similiter
785 981 917 1027 legitur
951 981 990 1017 in
1013 981 1169 1027 Etymol.
1199 981 1250 1017 M.
1275 993 1310 1033 p.
1337 983 1381 1017 10
1412 976 1526 1027 ἄγκη·
1559 977 1606 1017 τὰ
1638 981 1713 1017 τῶν
1739 975 1839 1026 ὀρῶν
1864 977 2092 1027 κοιλώματα.
2154 980 2292 1027 Quodsi
2318 981 2492 1028 originem
2515 981 2623 1018 huius

177 1038 345 1076 vocabuli
368 1039 603 1087 spectaveris‚
636 1033 905 1086 α’μφίκρημνος
938 1043 993 1075 est
1020 1033 1215 1085 ‘utrimque
1246 1033 1412 1086 pendens’
1443 1039 1499 1075 vel
1518 1033 1714 1084 ‘utrimque
1738 1038 1889 1084 arduus,
1918 1033 2156 1085 praeruptus'.
2206 1038 2393 1085 Significat
2416 1039 2528 1085 igitur
2553 1033 2624 1085 ἆμ-

178 1097 395 1145 φίκρημνος
417 1097 545 1135 vallem
567 1098 616 1134 ab
640 1102 796 1143 utraque
818 1104 923 1144 parte
945 1098 1151 1144 praeruptis
1181 1098 1362 1135 montibus
1393 1098 1583 1145 inclusam,
1613 1104 1741 1135 contra
1775 1092 2017 1143 ὑψίκρημνος
2046 1109 2118 1134 ιιοιι
2148 1102 2222 1134 tam
2254 1098 2292 1133 in
2314 1097 2389 1134 alto
2413 1097 2623 1144 praecipitio

174 1154 281 1193 sitam
304 1156 359 1202 (ut
381 1156 460 1194 vult
484 1155 654 1203 Stephau.
679 1156 789 1193 Thes.
813 1167 842 1193 s.
867 1168 899 1193 v.
914 1166 1037 1201 3sane
1060 1156 1111 1192 ita
1134 1155 1225 1193 dixit
1251 1150 1494 1203 ὑψίκρημνον
1518 1152 1681 1202 πόλισμα
1706 1155 1908 1202 Aeschylus
1926 1155 2045 1192 Prom.
2069 1156 2151 1200 421)
2183 1165 2291 1201 quam
2315 1156 2389 1192 alto
2413 1156 2622 1201 praecipitio

174 1213 232 1251 vel
253 1214 339 1252 altis
361 1215 581 1262 praecipitiis
605 1215 912 1260 circumsaeptam.

349 1272 474 1321 Neque
496 1273 605 1311 aliter
627 1272 744 1311 voluit
766 1273 959 1320 Euripides
984 1284 1124 1311 versum
1149 1273 1278 1311 Bacch.
1305 1275 1393 1309 1051
1420 1273 1586 1319 intellegi.
1635 1273 1794 1309 Nuntius
1819 1273 1912 1309 enim
1935 1277 2060 1308 narrat
2083 1282 2122 1309 se
2145 1276 2181 1309 et
2203 1272 2402 1309 Pentheum
2425 1282 2507 1308 cum
2530 1272 2620 1308 duce

177 1330 367 1378 peregrino
391 1331 426 1377 (i.
450 1341 482 1368 e.
498 1331 658 1377 Baccho)
680 1332 841 1377 Asopum
863 1337 1102 1377 transgressos
1120 1332 1341 1369 Cithaeronis
1366 1331 1544 1369 convalles
1568 1332 1740 1376 intrasse,
1764 1331 1887 1368 deinde
1911 1331 2038 1367 tacitos
2063 1341 2326 1376 suspensosque
2350 1330 2457 1377 pedes
2480 1330 2620 1376 placide

175 1396 348 1437 ponentes
370 1389 476 1428 viridi
498 1389 585 1428 valli
609 1390 826 1438 surrepsisse
852 1383 915 1436 (ὥς
939 1383 1097 1439 ὁρῷμεν,
1124 1403 1195 1437 ουχ
1220 1384 1434 1438 ὁρωμενοι).
1482 1389 1618 1428 Deinde
1642 1389 1790 1427 nuntius
1814 1389 1864 1427 sic
1889 1388 2024 1436 pergit:

931 1442 981 1494 ἦν
1004 1443 1038 1484 δ’
1063 1444 1180 1495 ἄγκος
1204 1444 1469 1494 ὑψίκρημνον
1494 1444 1609 1485 ὕδασι
1634 1446 1842 1496 διάβροχον

929 1502 1108 1543 πεύκαισι
1132 1503 1345 1553 συσκιάζον,
1373 1505 1472 1545 ἔνθα
1495 1503 1695 1550 Μαινάδες

931 1560 1092 1612 καθῆντ’
1119 1563 1274 1612 ἔχουσαι
1297 1570 1425 1613 χεῖρας
1450 1563 1497 1602 ἐν·
1513 1570 1690 1612 τερπνοῖς
1713 1562 1860 1607 πόνοις.

349 1623 393 1660 F.
417 1626 463 1660 A.
487 1625 599 1671 Paley
621 1625 661 1661 in
683 1624 810 1670 Eurip.
835 1624 921 1662 edit.
944 1630 1029 1662 tom.
1052 1625 1104 1670 11,
1127 1627 1212 1670 462,
1238 1635 1452 1671 quamquam
1476 1619 1748 1671 ἀμφίκρημνον
1773 1625 1915 1669 retinet,
1946 1629 2065 1660 tamen
2095 1623 2139 1659 de
2163 1623 2267 1661 altis
2292 1623 2446 1669 rupibus
2471 1623 2615 1660 videtur

173 1681 350 1730 cogitasse
360 1675 427 1729 *Ca
450 1682 609 1720 ravine
631 1682 828 1720 between
850 1681 965 1729 lofty
988 1676 1142 1728 rocks,’
1168 1686 1259 1728 etc.).
1319 1681 1389 1719 Sed
1413 1682 1565 1720 debebat
1588 1676 1833 1728 ὑψίκρημνον
1864 1681 2041 1727 Aeschylo
2071 1680 2268 1726 vindicare,
2301 1681 2397 1726 quod
2427 1681 2474 1718 ad
2498 1681 2615 1717 feram

115 1739 120 1742 ’
174 1740 244 1777 loci
265 1744 430 1777 naturam
453 1740 722 1779 describendam
746 1741 828 1787 plus
850 1741 954 1779 valet.

347 1798 509 1845 Accedit,
531 1799 628 1845 quod
651 1803 779 1846 poetae
802 1799 924 1845 Attici,
946 1800 976 1836 si
999 1800 1095 1835 hunc
1118 1799 1265 1836 dubium
1287 1798 1406 1835 locum
1422 1798 1628 1844 detraxeris,
1654 1793 1924 1845 ἄμφίκρημνος
1940 1809 2117 1845 nusquam
2134 1798 2381 1844 adhibuerunt,
2406 1798 2504 1845 quod
2519 1798 2612 1835 idem

173 1857 386 1894 adiectivum
407 1857 504 1903 apud
526 1856 617 1894 alios
641 1867 782 1904 quoque
805 1868 953 1904 perraro
977 1857 1118 1893 dicitur.
1166 1857 1367 1903 Stephanus
1393 1858 1430 1892 in
1454 1856 1561 1893 Thes.
1585 1867 1614 1893 s.
1638 1870 1669 1894 v.
1695 1868 1806 1893 unum
1830 1857 1949 1893 locum
1965 1856 2086 1893 affert:
2112 1858 2209 1904 apud
2226 1857 2396 1894 Nonnum
2413 1858 2450 1893 in
2466 1858 2612 1904 Dionys.

172 1917 235 1954 lib.
258 1917 358 1962 XIII,
385 1919 451 1953 127
478 1910 761 1963 (ἀμφίκρημνον
785 1910 943 1962 ἀλωήν).

349 1973 550 2021 Hesychius
584 1974 603 2010 I
630 1976 694 2010 161
730 1979 765 2011 et
799 1974 960 2011 Zonoras
993 1974 1011 2009 I
1036 1975 1101 2010 156
1137 1973 1227 2010 nihil
1263 1973 1362 2009 aliud
1397 1972 1574 2019 afferunt,
1611 1984 1719 2019 quam
1755 1968 2041 2019 ἀμφίκρημνον·
2069 1971 2308 2019 ἑκατέρωθεν
2344 1972 2609 2018 ἐπικίνδυνον;

176 2032 303 2070 Suidas
326 2033 344 2069 Ι
368 2034 436 2069 302
460 2027 748 2079 ἀμφίκρημνον·
773 2028 1029 2079 περίκρημνον
1053 2027 1077 2079 ἢ
1103 2028 1328 2080 βραχυτάτη.
1375 2031 1578 2077 Utrumque
1602 2032 1733 2077 legitur
1757 2033 1794 2068 in
1819 2033 1935 2069 Bekk.
1958 2033 2090 2069 Anecd.
2115 2034 2132 2068 I
2157 2034 2236 2069 389.

347 2091 481 2127 Contra
503 2086 745 2137 ὑψίκρημνος
767 2092 881 2137 magis
906 2092 1077 2128 usitatum
1101 2102 1176 2128 esse
1200 2096 1274 2128 tam
1298 2101 1343 2127 ex
1368 2091 1473 2127 Hom.
1497 2091 1624 2137 Epigr.
1649 2093 1706 2136 6,5
1731 2085 1751 2136 s
1763 2092 1960 2136 Τπωρειήν
1984 2086 2244 2138 ὑψικρήμνοιο
2271 2093 2484 2139 Μίμαντος)
2510 2102 2616 2139 quam

174 2159 220 2187 ex
242 2149 451 2197 quibusdam
474 2149 563 2187 locis
588 2149 757 2197 Aeschyli
781 2154 948 2196 apparet3
975 2149 1069 2185 conf.
1094 2149 1217 2194 fragm.
1242 2151 1287 2185 28
1312 2149 1380 2194 (ed.
1406 2149 1599 2195 Dindorf):

985 2209 1132 2241 καλοῖσι
1157 2209 1329 2250 λουτροῖς
1356 2203 1628 2251 ἐκλελουμένος
1653 2205 1771 2251 δέμας

986 2263 1041 2307 εἰς
1064 2258 1308 2312 ὑψίκρημνον
1329 2259 1478 2311 Ἱμέραν
1503 2259 1713 2313 ἀφικόμην.

346 2324 478 2361 Similis
501 2331 555 2361 est
578 2325 637 2361 hic
661 2325 762 2361 locus
786 2325 874 2360 Eur.
899 2324 1029 2361 Bacch.
1057 2325 1164 2367 1051;
1189 2334 1271 2358 nam
1294 2323 1388 2368 apud
1413 2323 1619 2367 Euripidem
1652 2324 1771 2367 agitur
1795 2325 1839 2359 de
1864 2325 1942 2359 loco
1966 2335 2123 2360 concavo
2146 2326 2184 2360 in
2207 2326 2390 2361 montibus
2414 2326 2494 2371 sito,
2520 2325 2617 2370 apud

175 2382 390 2429 Aeschylum
414 2384 458 2420 de
484 2383 628 2421 flumine
653 2383 708 2420 vel
731 2384 851 2428 potius
876 2382 919 2419 de
944 2382 1044 2418 alveo
1070 2392 1234 2425 concavo,
1259 2381 1361 2418 cuius
1386 2391 1430 2418 ex
1455 2387 1606 2427 utraque
1632 2382 1713 2428 ripa
1736 2382 1814 2418 alta.
1838 2382 2049 2428 praecipitia
2072 2382 2264 2420 imminent.
2302 2382 2402 2420 Conf.
2427 2390 2618 2430 praeterea

174 2442 303 2479 Aeseh.
327 2441 446 2478 Prom.
469 2443 535 2478 421
564 2435 825 2488 (ὑψίκρημνον
850 2436 1027 2487 πόλισμα)
1052 2444 1088 2477 et
1111 2440 1229 2476 Prom.
1255 2442 1275 2474 7
1301 2436 1409 2485 (πρὸς
1433 2438 1587 2485 πέτραις
1612 2435 1951 2486 ὑψηλοκρήμνοις).

349 2499 451 2544 Quod
483 2504 602 2535 autem
635 2500 817 2536 Porsonus
849 2499 963 2535 fretus
995 2501 1190 2544 praecipue
1214 2498 1332 2534 verbis
1356 2498 1525 2545 Aeschyli
1554 2498 1651 2544 Sept.
1677 2511 1707 2535 c.
1733 2499 1845 2535 Theb.
1870 2501 1950 2544 495,
1980 2499 2100 2545 Apoll.
2126 2499 2241 2537 Rhod.
2268 2500 2323 2536 111
2359 2502 2459 2547 1085,
2485 2500 2620 2547 Eurip.

176 2558 398 2604 (Cresphont.
435 2556 479 2593 fr.
512 2557 599 2603 ΧΠ)
640 2557 753 2594 voluit
790 2557 853 2604 (cf.
892 2558 998 2593 Gaisf.
1037 2562 1110 2593 not.
1140 2556 1187 2592 ad
1215 2556 1409 2602 Hephaest.
1439 2568 1474 2602 p.
1509 2557 1594 2603 183)
1627 2568 1694 2602 pro
1727 2551 1843 2592 ὕδασι
1868 2554 2077 2604 διάβροχον
2112 2559 2388 2604 praeferendum
2411 2568 2487 2596 esse
2512 2555 2618 2604 ὄρεσι

174 2617 416 2663 περίδρομον,
441 2616 510 2652 hoc
526 2616 569 2661 ei,
594 2615 657 2661 qui
680 2616 762 2652 illos
786 2616 884 2653 locos
907 2627 988 2652 cum
1011 2616 1080 2652 hoc
1103 2625 1209 2651 versu
1233 2615 1430 2661 Euripideo
1453 2616 1722 2661 comparaverit,
1748 2626 1821 2652 non
1845 2627 2056 2662 persuasum
2079 2617 2158 2654 erit.
2206 2619 2369 2663 Apparet
2393 2617 2486 2653 enim
2510 2616 2547 2653 in
2563 2617 2619 2654 his

174 2674 313 2719 quidem
338 2673 426 2711 locis
451 2674 614 2710 omnibus
637 2668 742 2719 ὄρεσι
765 2675 996 2720 περίδρομον
1020 2678 1103 2719 apte
1127 2673 1328 2709 adhibitum
1353 2685 1446 2719 esse3
1472 2673 1534 2709 sed
1557 2674 1594 2709 in
1620 2674 1748 2719 Eurip.
1772 2674 1904 2710 Bacch.
1930 2676 2031 2721 1051,
2056 2675 2223 2720 quoniam
2246 2681 2352 2712 antea
2369 2676 2487 2718 (1045.
2505 2676 2615 2721 1046)

173 2733 263 2768 haec
285 2736 431 2767 narrata
454 2737 556 2767 sunt:

1043 2788 1159 2832 λέπας
1184 2786 1465 2836 Κιθαιρώνειον
1491 2786 1754 2837 είςεβάλλομεν

1045 2845 1225 2891 Πενθεύς
1248 2862 1287 2886 τε
1313 2843 1429 2896 κάγώ,
1454 2849 1497 2886 ad
1522 2844 1639 2895 ἄγκος
1662 2860 1735 2887 ιιοιι
1758 2860 1847 2896 opus
1872 2855 1925 2887 est
1950 2849 2081 2888 addere
2106 2845 2210 2896 ὄρεσι
2234 2851 2478 2898 περίδρομον.
2509 2851 2618 2888 Prae-

170 2915 272 2947 terea
295 2919 340 2945 ex
363 2908 487 2946 eodem
508 2910 616 2955 fonte,
641 2921 684 2945 ex
710 2920 779 2956 quo
805 2909 863 2946 hic
887 2914 1059 2945 tractatus
1094 2909 1281 2946 Chisianus
1319 2910 1493 2954 manavit,
1529 2910 1722 2946 scholiasta
1755 2910 2031 2955 Hephaestionis
2060 2911 2198 2955 hausit;
2236 2911 2319 2946 libri
2356 2916 2478 2947 autem
2508 2910 2615 2946 Euri·

172 2968 269 3015 pidei
301 2979 383 3006 cum
414 2968 563 3006 eandem
593 2979 709 3015 quam·
733 2968 920 3005 Chisianus
948 2967 1144 3014 praebeant
1175 2966 1382 3012 lectionem,
1415 2967 1452 3003 in
1485 2967 1697 3004 scholiastae
1730 2972 1765 3004 et
1799 2968 2043 3015 compilatoris
2075 2969 2234 3006 Chisiani
2267 2969 2462 3017 archetypo
2495 2964 2612 3005 ὕδασι

172 3022 380 3075 διάβροχον
395 3027 572 3065 exstitisse
593 3032 629 3065 et
654 3022 757 3072 ὄρεσι
782 3026 1013 3073 περίδρομον
1037 3025 1245 3063 recentioris
1269 3035 1346 3063 esse
1370 3026 1516 3071 originis
1540 3027 1617 3061 veri
1640 3032 1694 3063 est
1718 3027 1947 3063 simillimum.
