2915 3831
1448 161 1501 201 22

417 296 469 340 In
500 295 675 340 scholiis
705 294 743 338 B
773 307 814 349 p.
843 297 998 347 176,22
1030 307 1121 352 sqq.
1152 296 1260 340 haec
1290 297 1492 352 legimus:

240 377 248 393 ''
256 379 369 421 ἔστω
401 378 550 432 στίχος
580 372 684 427 ὅλος
714 370 982 431 ὃακτυλιριὸς
1820 417 1826 441 ,

768 450 960 499 Ἰλιόθεν
991 472 1046 512 με
1076 456 1232 514 φέρων
1261 454 1426 514 ἄνεμος
1458 457 1699 504 Κικόνεσσι
1729 459 1931 505 πέλασσε.
1963 461 1998 516 (ι
2021 459 2094 514 39)

236 543 404 590 τούτου
435 547 598 588 τοίνυν
627 541 812 600 πρώτην
843 539 1027 600 ἀφελὼν
1057 541 1288 604 συλλαβὴν
1318 542 1367 590 τὸ
1399 545 1667 604 λειπόμενον
1691 550 1864 605 γίνεται
1888 544 2233 593 ἀναπαιστικόν·
2262 545 2338 590 καὶ
2362 538 2421 590 αὖ
2444 543 2594 601 πάλιν,
2624 540 2710 591 ἐὰν

235 611 315 668 τὰς
346 614 443 672 ἑξῆς
474 610 644 672 ἀφέλῃς
674 616 885 670 βραχείας
915 613 1001 658 δύο
1033 611 1279 672 συλλαβὰς,
1311 619 1482 674 γίνεται
1514 615 1786 662 δακτυλικόν

768 695 858 739 Θέν
888 712 942 751 με
973 696 1128 752 φέρων
1159 693 1323 753 ἄνεμος
1353 696 1598 743 Κικόνεσσι
1628 699 1832 743 πέλασσε.

233 775 260 835 ἢ
294 775 404 823 κατὰ
436 774 519 835 τὴν
551 773 709 834 ἀρχὴν,
741 773 822 821 ἐὰν
852 780 1041 832 προσθῶ
1075 776 1161 823 δύο
1193 783 1414 836 βραχείας,
1444 776 1770 826 ἆναπαιστικὸν
1800 776 1850 826 τὸ
1883 778 2002 833 εἶδος
2032 782 2202 837 γίνεται

756 856 853 902 Ὅτε
882 855 1099 903 Ἰλίοθεν.’

411 953 559 1007 Pergit
580 952 690 996 Mar.
706 952 865 995 Victor.
890 965 930 1006 p.
949 956 1046 1005 64‚1
1071 952 1141 1007 (ex
1162 954 1308 1006 Iuba):
1335 949 1475 1005 ‘Quod
1504 955 1696 1009 adaeque
1726 958 1776 998 ut
1806 967 1934 1010 supra
1964 968 2041 1010 per
2071 955 2177 998 duas
2205 954 2367 1010 species
2388 954 2603 998 variatum
2622 958 2705 1007 est,

235 1023 435 1078 dactylici
462 1026 507 1065 et
536 1023 814 1075 anapaestici,
845 1025 889 1064 et
909 1022 1006 1065 ideo
1028 1020 1237 1079 δυαδική,
1269 1024 1310 1066 id
1332 1028 1397 1066 est
1420 1024 1600 1067 duarum
1621 1025 1845 1078 amplexio,
1869 1029 2126 1069 tetrasemos
2146 1028 2288 1068 autem
2307 1028 2481 1079 propter
2499 1013 2708 1078 quattuor

234 1098 442 1149 tempora,
473 1092 627 1147 quibus
658 1096 841 1146 uterque
871 1104 947 1147 pes
978 1092 1241 1146 extenditur,
1284 1092 1548 1148 appellatur,
1578 1093 1651 1147 qui
1682 1093 1727 1137 in
1758 1094 2100 1148 coniugationem
2131 1093 2317 1149 copulati
2347 1093 2551 1138 octasemi
2580 1091 2705 1142 fiunt.

236 1162 499 1208 Observabis
539 1165 684 1206 autem
727 1162 773 1204 in
812 1161 894 1205 hac
933 1162 1074 1216 specie
1115 1174 1283 1217 semper
1323 1163 1429 1206 duas
1468 1163 1619 1207 breves
1657 1167 1733 1207 aut
1763 1164 1932 1208 adicere
1963 1169 2038 1208 aut
2069 1164 2316 1218 detrahere,
2354 1164 2529 1217 longam
2557 1175 2703 1217 unam,

234 1234 338 1289 quia
367 1238 434 1278 est
463 1237 645 1288 uterque
674 1244 751 1287 pes
783 1233 1045 1287 trisyllabos,
1096 1233 1228 1276 tertia
1258 1229 1470 1288 ἐπιπλοκή
1501 1237 1567 1276 est
1596 1233 1641 1275 in
1672 1233 1821 1277 ionicis
1852 1234 2019 1278 duobus
2048 1238 2091 1278 et
2115 1234 2358 1278 choriambo
2383 1236 2427 1276 et
2450 1233 2704 1288 antispasto,

234 1315 345 1357 quae
386 1300 622 1357 τετραδική
665 1303 918 1345 hexasemos
961 1303 1140 1354 dicitur,
1188 1303 1231 1345 id
1274 1308 1339 1346 est
1376 1303 1588 1357 amplexio
1628 1305 1814 1357 quadra:
1857 1309 2064 1359 quattuor
2106 1305 2217 1348 enim
2259 1304 2389 1360 pedes
2432 1302 2513 1347 sibi
2555 1307 2704 1349 mutuo

236 1376 536 1423 conectuntur3
568 1371 833 1426 temporibus
865 1375 1009 1415 autem
1041 1383 1115 1414 sex
1146 1375 1385 1415 constant..
1405 1404 1415 1414 .
1434 1366 1457 1414 .’

413 1453 624 1507 Exempla
665 1464 776 1506 quae
818 1456 1022 1495 secuntur
1062 1453 1235 1506 omitto,
1276 1466 1410 1507 neque
1451 1455 1589 1497 minus
1631 1467 1706 1507 ea,
1747 1466 1859 1508 quae
1900 1454 1944 1497 in
1984 1455 2160 1497 scholiis
2187 1454 2224 1497 B
2264 1453 2478 1498 exstantia
2514 1453 2705 1498 adhaec

236 1525 468 1579 pertinent,
496 1523 699 1576 quoniam
721 1522 883 1573 eadem,
911 1533 1037 1574 quam
1060 1525 1190 1565 antea
1210 1522 1540 1574 observavimus,
1570 1524 1735 1567 ratione
1755 1522 1946 1566 exhibita
1966 1527 2086 1574 sunt;
2118 1522 2192 1567 sed
2212 1536 2383 1568 arcesso
2402 1536 2454 1567 ex
2475 1521 2704 1567 scholiisB

238 1593 406 1647 (177,1)
438 1605 549 1646 quae
580 1605 674 1635 cum
706 1604 758 1634 ea
788 1591 917 1634 Marii
948 1591 1160 1636 Victorini
1190 1592 1421 1647 particula,
1453 1605 1581 1647 quam
1612 1593 1803 1648 proxime
1833 1593 2051 1648 descripsi,
2083 1592 2343 1637 conferenda
2373 1597 2493 1647 sunt;
2522 1592 2706 1647 legimus

234 1663 349 1707 enim
380 1663 505 1705 haec:

408 1731 493 1780 ‘To
536 1730 648 1779 αὐτὸ
694 1726 780 1779 οὖν
818 1744 941 1779 ποιεῖ
977 1734 1052 1779 καὶ
1090 1732 1249 1793 πάσχει
1288 1732 1337 1781 τὸ
1378 1731 1722 1793 ἆναπαιστικὸν,
1762 1732 1879 1794 πλὴν
1918 1733 1986 1781 ὅτι
2017 1732 2096 1789 τὰς
2126 1733 2211 1781 δύο
2243 1730 2604 1793 βραχείαςκατὰ’
2620 1751 2705 1793 την

236 1803 381 1865 ἀρχὴν
410 1802 691 1863 ὑφαιρεῖται,
732 1801 760 1863 ἢ
791 1804 1131 1862 προσλαμβάνει
1161 1809 1270 1862 μίαν
1300 1805 1489 1863 μακράν.
1552 1812 1640 1851 Δεῖ
1668 1799 1754 1851 οὖν
1785 1819 1854 1862 σε,
1895 1804 2005 1850 ὅταν
2035 1804 2268 1863 λαμβάνῃς
2299 1801 2522 1863 δυαδικὴν
2551 1803 2707 1862 τετρά-

239 1889 402 1933 σημον,
435 1871 514 1920 ἐὰν
546 1875 627 1931 μὲν
658 1871 837 1931 μακρὰν
869 1871 1092 1931 εὑρίσκῃς,
1123 1879 1231 1932 μίαν
1262 1872 1492 1932 ἀφαιρεῖν·
1525 1873 1604 1921 ἐὰν
1630 1876 1679 1921 δὲ
1709 1879 1917 1933 βραχείας
1939 1873 2040 1931 δύο,
2071 1879 2179 1933 μίαν
2198 1875 2493 1931 προστνθέναι
2512 1872 2706 1933 μακράν·

238 1945 314 1991 καὶ
344 1943 465 1991 οὕτω
497 1958 569 1990 σοι
600 1941 650 1990 τὸ
682 1944 765 2001 μὲν
798 1941 1070 1990 δακτυλικὸν
1102 1948 1272 2002 γίνεται
1303 1941 1642 2001 ἇναπαιστικόν,
1673 1942 1723 1990 τὸ
1756 1944 1805 1990 δὲ
1835 1940 2160 1989 άναπαιστικὸν
2192 1939 2487 1989 ὃακτυλικόν.’

412 2029 522 2072 Mar.
548 2028 723 2081 Victor.,
758 2032 987 2083 postquam
1019 2029 1213 2083 exempla
1239 2029 1294 2072 ad
1313 2023 1578 2084 τετραδικὴν
1600 2026 1823 2084 ἑξάσημον
1843 2028 2107 2083 pertinentia
2126 2029 2320 2082 inseruit,
2348 2028 2468 2071 addit
2489 2026 2559 2081 (ex
2578 2025 2705 2081 Iuba)

236 2111 276 2154 p.
312 2101 466 2151 64‚25:

407 2169 480 2216 ‘ad
523 2185 733 2216 summam
774 2175 911 2217 omnis
954 2170 1168 2228 ἐπιπλοκή
1209 2175 1391 2227 propriis
1423 2175 1602 2227 pedibus
1634 2175 1751 2216 nulla
1782 2174 2102 2217 intermixtione
2133 2173 2315 2216 aliorum
2346 2173 2585 2217 subsistens
2616 2172 2707 2215 suis

234 2257 370 2299 usque
402 2245 458 2288 ad
489 2245 685 2288 ultimum
716 2244 895 2299 pedibus
927 2243 1241 2287 terminabitur.
1294 2244 1360 2288 sin
1391 2248 1538 2288 autem
1570 2243 1677 2288 alios
1709 2243 1942 2298 admiserit,
1974 2243 2220 2288 variabitur.
2265 2256 2365 2287 nam
2396 2241 2609 2288 familiare
2637 2245 2708 2287 est

231 2315 427 2369 utrisque
483 2315 634 2359 ionicis
687 2314 926 2358 trochaicas
977 2313 1059 2357 sibi
1110 2314 1235 2357 bases
1287 2314 1533 2357 admiscere.
1611 2326 1713 2369 ergo
1762 2314 1974 2357 sincerum
2025 2313 2279 2370 μονοειδές,
2337 2314 2517 2358 mixtum
2561 2317 2707 2359 autem

232 2379 438 2439 ὁμοειδές
466 2378 717 2429 vocabitur.’

409 2467 477 2511 Ad
517 2466 630 2521 quod
670 2470 853 2521 spectat,
894 2465 1008 2519 quod
1048 2465 1160 2509 idem
1191 2465 1435 2509 Victorinus
1468 2464 1541 2507 lib.
1563 2464 1625 2517 II,
1657 2477 1748 2520 cap.
1774 2468 1798 2508 9
1831 2465 1888 2520 (p.
1915 2464 2062 2519 94,11)
2094 2465 2163 2517 (ex
2194 2465 2325 2517 Iuba;
2363 2464 2417 2509 cf.
2448 2465 2593 2510 Hense
2623 2465 2704 2509 1.1.

237 2551 278 2591 p.
305 2537 407 2592 283)
439 2538 587 2581 docet:

405 2606 535 2655 ‘Nam
564 2606 800 2667 τετραὸικὴ
834 2606 1048 2666 ἐπιπλοκή
1080 2614 1123 2654 et
1154 2607 1367 2666 ὃυαὸική,
1393 2610 1437 2653 id
1467 2614 1535 2653 est
1564 2610 1757 2664 quadrua
1787 2614 1831 2654 et
1860 2610 2029 2654 binaria
2059 2610 2287 2664 amplexio,
2318 2610 2415 2653 huic
2444 2611 2599 2664 versui,
2629 2611 2705 2665 qui

232 2682 398 2727 ionicus
438 2681 738 2727 anaclomenos
774 2684 970 2735 vocatur,
1008 2680 1305 2724 diversitatem
1338 2680 1679 2735 varietatemque
1716 2680 1921 2725 fecerunt.
1985 2681 2142 2724 etenim
2182 2680 2463 2735 antispastica
2492 2685 2537 2726 et
2568 2679 2706 2729 chori-

231 2752 401 2797 ambica
441 2756 486 2795 et
527 2757 709 2807 utraque
750 2752 888 2795 ionica
930 2755 1068 2794 metra
1112 2751 1164 2794 de
1204 2751 1398 2805 quadrua
1438 2751 1704 2804 amplexione
1745 2752 2007 2803 subsistunt;
2048 2751 2230 2794 iambica
2267 2763 2368 2794 vero
2399 2757 2442 2795 et
2471 2751 2703 2805 trochaica,

231 2824 344 2867 sicut
375 2835 507 2877 supra
538 2823 778 2875 docuimus,
819 2823 872 2864 de
902 2823 1083 2864 binaria.
1146 2822 1288 2864 evenit
1319 2826 1462 2864 autem
1495 2827 1543 2864 ut
1574 2821 1862 2865 choriambica
1893 2826 1937 2865 et
1968 2821 2249 2874 antispastica
2279 2821 2473 2865 iambicis
2503 2821 2705 2876 coniuga-

231 2892 443 2944 tionibus,
475 2892 615 2934 ionica
646 2904 746 2934 vero
778 2891 1026 2942 trochaicis,
1058 2903 1167 2945 quae
1199 2894 1302 2934 sunt
1332 2891 1596 2935 diversarum
1628 2891 1957 2945 amplexionum,
1990 2891 2261 2935 misceantur.
2282 2925 2291 2935 .
2312 2885 2333 2934 .'

410 2974 567 3026 Vides,
606 2974 801 3027 quamvis
832 2973 943 3016 Mar.
965 2972 1126 3015 Victor.
1160 2972 1244 3024 (vel
1275 2973 1418 3027 potius
1450 2973 1575 3024 Iuba)
1616 2973 1660 3015 in
1701 2973 1975 3017 detrahendis
2016 2974 2081 3017 vel
2121 2973 2325 3017 addendis
2367 2973 2544 3028 syllabis
2575 2973 2705 3017 aliam

230 3056 362 3099 quam
391 3043 626 3087 scholiasta
657 3043 878 3096 ingressus
909 3043 968 3085 sit
997 3042 1125 3094 viam,
1156 3046 1303 3085 tamen
1333 3043 1517 3085 alterum
1547 3055 1643 3085 cum
1673 3043 1852 3086 alterius
1884 3043 2081 3086 doctrina
2111 3042 2352 3086 cohaerere.

411 3133 456 3177 ¹²)
475 3132 527 3170 Cf.
546 3133 698 3178 Longin.
713 3131 849 3178 proleg.
868 3143 903 3178 p.
922 3133 988 3167 145
1008 3131 1122 3177 (Gsf.)
1139 3136 1213 3167 not.
1231 3142 1266 3177 u,
1284 3131 1346 3166 ubi
1362 3132 1508 3167 docetur
1526 3132 1594 3177 legi
1611 3132 1648 3167 in
1664 3120 1899 3167 Saibantiano
1915 3158 1924 3167 .
1940 3158 1948 3166 .
1963 3159 1971 3166 .
1986 3159 1994 3167 .
2013 3130 2162 3176 λέγεται
2178 3132 2245 3166 καὶ
2263 3131 2524 3175 <ε>ἰδικῶς
2543 3130 2705 3168 ἕκαστον

232 3190 384 3237 μέτρον,
408 3188 451 3226 τὸ
477 3186 720 3234 δακτυλικόν,
746 3185 770 3234 ἢ
797 3186 967 3233 ἰωνικὸν,
993 3185 1019 3234 ἥ
1043 3202 1079 3224 τι
1103 3190 1179 3224 τῶν
1202 3185 1401 3225 τοιούτων.
1420 3216 1428 3224 .
1447 3216 1455 3223 .
1474 3215 1484 3224 .
1518 3189 1656 3226 Deinde
1682 3192 1825 3234 146,10:
1851 3187 2007 3235 Μὲτρον
2030 3192 2203 3225 καλεῖται
2226 3189 2292 3225 καὶ
2317 3189 2421 3231 εἶδος
2445 3185 2628 3226 ἑκάστου*
2653 3183 2706 3231 ὦς

233 3242 328 3285 ὅταν
354 3249 447 3285 εἴπω
473 3246 612 3294 μέτρον
636 3241 818 3291 Ἰωνικὸν,
843 3245 910 3282 καὶ
935 3244 1075 3293 μέτρον
1100 3241 1292 3294 ἰαμβικὸν,
1318 3244 1384 3282 καὶ
1408 3243 1548 3292 μέτρον
1573 3242 1789 3292 τροχαϊκόν.
1829 3247 1881 3284 Et
1904 3248 2049 3292 149,19:
2076 3245 2267 3294 Διαφέρει
2291 3247 2334 3284 δὲ
2362 3246 2467 3290 εἶδος
2490 3246 2557 3282 καὶ
2581 3244 2706 3293 γένος,

232 3302 256 3355 ᾗ
282 3305 396 3353 γένος
419 3305 491 3353 μέν
518 3303 598 3343 ἐστι
621 3303 665 3342 τὸ
691 3302 957 3352 πρωτότυπον,
983 3303 1038 3347 εἰς
1062 3306 1148 3351 εἴδη
1174 3306 1424 3351 διαιρεθῆναι
1448 3300 1686 3350 δυνάμενον·
1713 3303 1817 3346 εἶδος
1842 3304 1898 3351 δὲ,
1921 3302 1963 3342 τὸ
1991 3300 2067 3341 ἀπὸ
2093 3306 2164 3341 τοῦ
2190 3304 2327 3351 γένους
2343 3303 2592 3352 διῃρημένον,
2618 3303 2705 3342 οἷον

233 3366 275 3401 εἴ
299 3378 356 3406 τις
389 3363 494 3410 λέγοι
529 3366 627 3413 ζῷον
660 3362 791 3410 γένος,
828 3364 913 3409 εἴδη
946 3361 989 3398 δὲ
1017 3358 1139 3399 αὐτοῦ
1166 3359 1395 3408 ἄνθρωπον,
1431 3363 1551 3399 ἵππον
1575 3362 1641 3398 καὶ
1664 3359 1713 3399 τὰ
1736 3360 1863 3401 λοιπά.
1914 3359 2072 3401 Οὐκοῦν
2100 3363 2213 3411 γένος
2240 3362 2311 3411 μέν
2341 3360 2441 3400 ἔστιν
2469 3358 2494 3410 ἡ
2524 3359 2705 3412 συλλαβὴ,

2889 0 2910 66 ⁴³⁴⁴!
